1967 2833
310 112 419 227 84
756 103 1010 193 Prima
1046 103 1438 226 Descriptio

310 242 417 291 cavit
429 243 614 288 formam
628 236 885 300 specificam,
921 246 964 288 &
985 238 1197 284 occultam
1214 239 1476 300 qualitatem,
1498 255 1585 304 quac
1602 241 1653 292 ab
1668 245 1757 290 ele-2

311 303 470 353 mentis
501 302 670 353 evenire
699 316 794 349 non
822 303 992 364 potest,
1023 300 1234 350 elementa
1267 303 1388 351 enim
1429 320 1554 367 prout
1583 320 1760 367 quatuor

313 367 539 429 qualitates
567 365 837 419 calefaciant,
887 364 1166 425 refrigerant,
1199 363 1440 429 hume&ant
1459 404 1473 424 ‚
1518 377 1560 419 ὃς
1591 370 1763 425 ficcant,

315 445 411 479 non
441 445 583 478 autem
610 443 791 494 purgant
823 446 836 474 :
868 443 917 474 ea
947 427 1073 490 igitur
1102 425 1417 477 Medicamenta
1447 431 1527 478 hoc
1556 445 1763 495 peragunt

315 493 461 556 quibus
492 508 633 543 natura
665 492 780 551 juxta
831 494 1009 539 Platonis
1038 491 1293 538 sententiam
1324 491 1613 551 hujusscemodi
1644 498 1765 556 quas-

316 559 414 604 dam
439 556 723 619 proprietates
752 554 899 603 indidit
933 575 944 601 :
976 569 1027 603 ea
1053 553 1158 602 veto
1183 552 1499 605 Medicamenta
1537 562 1764 618 agnoscere

318 634 414 668 non
429 618 642 682 possumus
670 632 947 680 praeterquam
969 616 1271 678 experientia,
1297 630 1343 663 ut
1379 619 1572 668 meminit
1592 620 1766 667 Galenus

321 682 395 729 sib.
424 703 471 744 9.
504 684 552 730 de
584 680 775 740 Simplic.
809 679 1118 728 Medicament.
1143 682 1358 728 facultas.
1392 681 1495 727 loco
1533 681 1586 730 de
1618 682 1770 744 lapidi-

323 745 431 803 buS,
480 744 552 792 ubi
578 744 760 792 discurrit
791 743 1044 802 facultates,
1091 757 1183 804 quae
1212 743 1476 806 proprietatis
1508 746 1639 793 totius
1669 743 1768 792 sub-

324 808 480 858 stantiae
512 808 681 857 ratione
709 808 850 857 insunt
891 807 917 854 a
956 804 1172 855 methodo
1201 822 1249 854 ac
1288 807 1459 856 ratione
1487 809 1634 858 alienae
1662 811 1769 864 sunt,

327 879 371 922 &
403 888 477 934 per
500 873 632 919 solam
659 873 886 920 noscuntur
913 868 1240 933 experientiam:
1269 869 1460 919 innotuit
1484 871 1683 935 equidem
1696 886 1772 919 ex-

324 936 532 996 perientia
561 934 660 985 elici
700 932 843 995 ignem
868 949 922 980 ex
966 931 1170 995 lapidibus
1195 932 1419 995 igniferis,
1452 935 1528 981 etfi
1556 934 1773 997 persuadet

329 999 439 1044 ratio
470 998 577 1045 hanc
601 996 776 1060 reperiri
804 1000 1050 1046 facultatem
1077 996 1120 1044 in
1143 996 1288 1058 Pyrite
1305 1031 1318 1052 ‚
1352 995 1447 1059 quia
1462 997 1564 1059 lapis
1579 997 1773 1060 sulphure

329 1060 515 1109 imbutus
546 1060 597 1107 fit
638 1060 755 1118 cujus
788 1062 901 1107 causa
925 1059 1049 1108 facile
1093 1059 1355 1117 accenditur,
1401 1068 1444 1110 &
1474 1076 1568 1109 cum
1602 1062 1774 1109 flamma

331 1123 452 1172 ardet
470 1159 485 1180 ‚
522 1131 565 1174 δε
596 1123 791 1185 sulphure
817 1123 910 1169 olet
943 1141 955 1169 e
986 1122 1029 1170 id
1058 1135 1207 1170 tamen
1236 1123 1283 1169 in
1325 1123 1465 1185 lapide
1492 1123 1647 1173 molari
1672 1140 1776 1172 con-

330 1186 431 1251 spici
458 1203 551 1236 non
580 1186 794 1248 contingit
812 1221 826 1242 ‚
858 1200 997 1249 neque
1026 1183 1187 1249 percipi
1217 1184 1335 1233 datur
1364 1187 1410 1235 in
1442 1185 1667 1245 christallo,
1694 1203 1776 1234 ne-

332 1266 413 1313 que
448 1249 490 1299 in
520 1248 789 1306 calcidonio,
818 1258 957 1309 neque
986 1249 1035 1296 in
1065 1245 1205 1305 filice,
1244 1263 1338 1296 non
1370 1249 1488 1298 enim
1519 1250 1667 1298 ardent
1685 1266 1779 1298 cum

333 1315 503 1361 flamma
531 1311 690 1376 lapides
708 1312 787 1369 isti,
817 1311 1003 1374 quamvis
1016 1311 1249 1374 igniantur,
1288 1319 1329 1358 δε
1348 1312 1657 1369 excandescant,
1686 1328 1781 1362 non

335 1376 528 1436 expirant
554 1376 776 1438 sulphure,
809 1374 924 1434 quod
953 1377 1011 1421 est
1045 1373 1152 1436 ignis
1181 1374 1369 1432 materia,
1403 1374 1492 1423 imo
1521 1374 1712 1425 videntur
1739 1375 1780 1422 hi

335 1440 535 1492 facultate
563 1438 713 1501 frigida
758 1441 924 1500 prorsus
963 1437 1055 1497 igni
1094 1440 1302 1486 contraria
1328 1438 1493 1500 praediti
1522 1454 1534 1485 '.
1565 1437 1783 1487 nihilomi-

337 1516 419 1549 nus
443 1502 474 1550 fi
517 1500 652 1551 calibe
678 1501 963 1564 percutiantur
989 1499 1153 1549 abunde:
1186 1501 1303 1562 ignis
1331 1501 1530 1550 scintillas
1558 1515 1783 1558 evomunt,
1853 1541 1858 1545 r

338 1565 457 1622 cujus
486 1563 667 1613 effefi’us
698 1568 811 1612 causa
839 1579 1116 1627 praeterquam
1136 1564 1342 1611 recensita
1371 1579 1425 1611 ex
1440 1564 1683 1614 auffloritate
1710 1570 1784 1613 A·

339 1628 533 1689 ristotelis
549 1662 566 1684 ,
597 1628 676 1678 alia
706 1631 765 1676 est
795 1627 974 1676 Medico
997 1626 1256 1690 Philosopho
1285 1642 1410 1688 atque
1442 1628 1684 1692 Astrologo·
1707 1646 1784 1677 oc-

340 1693 562 1747 culta‚'vel
591 1692 742 1740 saltem
772 1690 1019 1738 difficillima
1048 1689 1243 1752 cognitio
1278 1707 1290 1736 :
1323 1705 1450 1753 quare
1480 1689 1602 1742 nobis
1630 1693 1785 1751 decan?-

343 1765 432 1804 rare
461 1752 586 1802 liceat
616 1753 899 1821 Wrgilianum
911 1768 1083 1804 carmen
1098 1751 1223 1812 illud,

491 1880 635 1931 Foelix
649 1881 724 1944 qui
732 1881 868 1949 potuit
895 1900 1036 1933 rerum
1064 1881 1292 1947 cognoftere
1306 1882 1453 1945 causas
1465 1901 1487 1933 ε’

346 2004 425 2054 Ob
436 2006 479 2055 id
494 2023 598 2071 ergo
612 2008 735 2056 fateri
758 2011 947 2073 cogimur
972 2011 1147 2060 evenirev
1164 2010 1313 2073 cuique
1340 2010 1367 2057 ὲ
1393 2024 1538 2058 natura
1555 2006 1719 2074 proptia
1748 2007 1790 2054 ei

346 2067 593 2181 attii-,ibana
620 2071 736 2139 9919
764 2087 971 2143 tanquam
1002 2075 1134 2142 Patre
1150 2074 1176 2124 a
1192 2088 1280 2140 quo
1309 2073 1521 2123 rationem
1541 2086 1695 2136 petant
1719 2087 1791 2133 ωε

347 2144 412 2180 rao
428 2152 458 2184 ι.

1643 2452 1799 2504 ΕΑῬ.
