<?xml version="1.0" encoding="UTF-8"?>
<!DOCTYPE html PUBLIC "-//W3C//DTD XHTML 1.0 Transitional//EN"
    "http://www.w3.org/TR/xhtml1/DTD/xhtml1-transitional.dtd">
<html xmlns="http://www.w3.org/1999/xhtml" xml:lang="en" lang="en">
 <head>
  <title>
</title>
<meta http-equiv="Content-Type" content="text/html;charset=utf-8" />
  <meta name='ocr-system' content='tesseract 3.04.00' />
  <meta name='ocr-capabilities' content='ocr_page ocr_carea ocr_par ocr_line ocrx_word'/>
</head>
<body>
  <div class='ocr_page' id='page_1' title='image "./deatramentiscuju00cane_0269.png"; bbox 0 0 1967 2833; ppageno 0'>
   <div class='ocr_carea' id='block_1_1' title="bbox 422 87 1672 199">
    <p class='ocr_par' dir='ltr' id='par_1_1' title="bbox 422 87 1672 199">
     <span class='ocr_line' id='line_1_1' title="bbox 422 87 1672 199; baseline 0.001 -27"><span class='ocrx_word' id='word_1_1' title='bbox 422 93 501 173; x_wconf 81' lang='lat' dir='ltr'>de</span> <span class='ocrx_word' id='word_1_2' title='bbox 525 91 957 194; x_wconf 63' lang='lat' dir='ltr'>Aer-amento</span> <span class='ocrx_word' id='word_1_3' title='bbox 979 87 1296 175; x_wconf 81' lang='lat' dir='ltr'>Sutorio.</span> <span class='ocrx_word' id='word_1_4' title='bbox 1503 115 1672 199; x_wconf 15' lang='lat'>249¹</span> 
     </span>
    </p>
   </div>
   <div class='ocr_carea' id='block_1_2' title="bbox 204 211 1701 2488">
    <p class='ocr_par' dir='ltr' id='par_1_2' title="bbox 204 211 1701 2488">
     <span class='ocr_line' id='line_1_2' title="bbox 217 211 1662 276; baseline 0 -16"><span class='ocrx_word' id='word_1_5' title='bbox 217 228 303 270; x_wconf 82' lang='lat' dir='ltr'>tur,</span> <span class='ocrx_word' id='word_1_6' title='bbox 338 221 381 265; x_wconf 75' lang='grc' dir='ltr'>δι</span> <span class='ocrx_word' id='word_1_7' title='bbox 399 230 564 264; x_wconf 86' lang='lat' dir='ltr'>tantum</span> <span class='ocrx_word' id='word_1_8' title='bbox 576 212 715 270; x_wconf 58' lang='lat' dir='ltr'>abelis</span> <span class='ocrx_word' id='word_1_9' title='bbox 735 226 778 262; x_wconf 81' lang='lat' dir='ltr'>u&#39;t</span> <span class='ocrx_word' id='word_1_10' title='bbox 791 230 930 270; x_wconf 83' lang='lat' dir='ltr'>necet,</span> <span class='ocrx_word' id='word_1_11' title='bbox 960 232 1056 264; x_wconf 85' lang='lat' dir='ltr'>cum</span> <span class='ocrx_word' id='word_1_12' title='bbox 1073 215 1121 262; x_wconf 86' lang='lat' dir='ltr'>ad</span> <span class='ocrx_word' id='word_1_13' title='bbox 1135 212 1309 276; x_wconf 83' lang='lat' dir='ltr'>paranda</span> <span class='ocrx_word' id='word_1_14' title='bbox 1324 211 1458 260; x_wconf 78' lang='lat' dir='ltr'>edulia</span> <span class='ocrx_word' id='word_1_15' title='bbox 1482 213 1662 260; x_wconf 67' lang='lat' dir='ltr'>maxime</span> 
     </span>
     <span class='ocr_line' id='line_1_3' title="bbox 218 273 1662 340; baseline 0 -18"><span class='ocrx_word' id='word_1_16' title='bbox 218 278 267 323; x_wconf 80' lang='lat' dir='ltr'>fit</span> <span class='ocrx_word' id='word_1_17' title='bbox 300 277 850 340; x_wconf 82' lang='lat' dir='ltr'>idonea,-quemadmodum</span> <span class='ocrx_word' id='word_1_18' title='bbox 880 276 1317 340; x_wconf 64' lang='lat' dir='ltr'>afferuit‘Falloppius,</span> <span class='ocrx_word' id='word_1_19' title='bbox 1353 273 1496 323; x_wconf 64' lang='lat' dir='ltr'>Trast.</span> <span class='ocrx_word' id='word_1_20' title='bbox 1525 277 1662 335; x_wconf 83' lang='lat' dir='ltr'>supra-</span> 
     </span>
     <span class='ocr_line' id='line_1_4' title="bbox 217 337 1665 409; baseline 0 -25"><span class='ocrx_word' id='word_1_21' title='bbox 217 341 355 409; x_wconf 68' lang='lat' dir='ltr'>citato</span> <span class='ocrx_word' id='word_1_22' title='bbox 371 358 458 405; x_wconf 76' lang='lat' dir='ltr'>cap.</span> <span class='ocrx_word' id='word_1_23' title='bbox 476 346 517 389; x_wconf 85' lang='lat'>8.</span> <span class='ocrx_word' id='word_1_24' title='bbox 550 348 592 389; x_wconf 87' lang='lat'>&amp;</span> <span class='ocrx_word' id='word_1_25' title='bbox 612 342 746 388; x_wconf 86' lang='lat' dir='ltr'>altero</span> <span class='ocrx_word' id='word_1_26' title='bbox 763 355 838 405; x_wconf 85' lang='lat' dir='ltr'>cap</span> <span class='ocrx_word' id='word_1_27' title='bbox 861 356 929 400; x_wconf 86' lang='lat'><strong>32..</strong></span> <span class='ocrx_word' id='word_1_28' title='bbox 961 357 1161 402; x_wconf 78' lang='lat' dir='ltr'>praeterea</span> <span class='ocrx_word' id='word_1_29' title='bbox 1186 340 1332 387; x_wconf 59' lang='lat' dir='ltr'>cunola</span> <span class='ocrx_word' id='word_1_30' title='bbox 1360 337 1504 384; x_wconf 89' lang='lat' dir='ltr'>docuit</span> <span class='ocrx_word' id='word_1_31' title='bbox 1532 352 1665 401; x_wconf 78' lang='lat' dir='ltr'>expe-</span> 
     </span>
     <span class='ocr_line' id='line_1_5' title="bbox 218 402 1662 466; baseline -0.001 -18"><span class='ocrx_word' id='word_1_32' title='bbox 218 404 380 460; x_wconf 81' lang='lat' dir='ltr'>nentia,</span> <span class='ocrx_word' id='word_1_33' title='bbox 413 421 498 466; x_wconf 58' lang='grc' dir='ltr'>(με</span> <span class='ocrx_word' id='word_1_34' title='bbox 516 405 559 450; x_wconf 86' lang='lat' dir='ltr'>in</span> <span class='ocrx_word' id='word_1_35' title='bbox 575 403 772 451; x_wconf 86' lang='lat' dir='ltr'>omnibus</span> <span class='ocrx_word' id='word_1_36' title='bbox 804 404 1003 452; x_wconf 80' lang='lat' dir='ltr'>certiores</span> <span class='ocrx_word' id='word_1_37' title='bbox 1031 420 1114 452; x_wconf 90' lang='lat' dir='ltr'>nos</span> <span class='ocrx_word' id='word_1_38' title='bbox 1147 402 1284 453; x_wconf 85' lang='lat' dir='ltr'>reddit</span> <span class='ocrx_word' id='word_1_39' title='bbox 1308 414 1319 442; x_wconf 70' lang='grc' dir='ltr'><em>ε</em></span> <span class='ocrx_word' id='word_1_40' title='bbox 1356 402 1505 449; x_wconf 81' lang='lat' dir='ltr'>Solent</span> <span class='ocrx_word' id='word_1_41' title='bbox 1534 415 1662 461; x_wconf 87' lang='lat' dir='ltr'>atque</span> 
     </span>
     <span class='ocr_line' id='line_1_6' title="bbox 216 464 1665 529; baseline -0.003 -17"><span class='ocrx_word' id='word_1_42' title='bbox 216 480 304 512; x_wconf 85' lang='lat' dir='ltr'>arte</span> <span class='ocrx_word' id='word_1_43' title='bbox 319 467 414 514; x_wconf 82' lang='lat' dir='ltr'>fieti</span> <span class='ocrx_word' id='word_1_44' title='bbox 444 483 556 529; x_wconf 69' lang='lat' dir='ltr'>aquae</span> <span class='ocrx_word' id='word_1_45' title='bbox 587 467 805 514; x_wconf 71' lang='lat' dir='ltr'>metallicae</span> <span class='ocrx_word' id='word_1_46' title='bbox 834 467 1100 516; x_wconf 77' lang='lat' dir='ltr'>medicataeve</span> <span class='ocrx_word' id='word_1_47' title='bbox 1128 464 1327 526; x_wconf 84' lang='lat' dir='ltr'>exemplo</span> <span class='ocrx_word' id='word_1_48' title='bbox 1355 465 1529 511; x_wconf 81' lang='lat' dir='ltr'>Naturae</span> <span class='ocrx_word' id='word_1_49' title='bbox 1557 464 1665 509; x_wconf 82' lang='lat' dir='ltr'>adeo</span> 
     </span>
     <span class='ocr_line' id='line_1_7' title="bbox 214 527 1662 592; baseline 0.001 -20"><span class='ocrx_word' id='word_1_50' title='bbox 214 528 357 577; x_wconf 77' lang='lat' dir='ltr'>fimilis</span> <span class='ocrx_word' id='word_1_51' title='bbox 375 530 457 578; x_wconf 86' lang='lat' dir='ltr'>illis</span> <span class='ocrx_word' id='word_1_52' title='bbox 474 530 526 583; x_wconf 86' lang='lat' dir='ltr'>ab</span> <span class='ocrx_word' id='word_1_53' title='bbox 539 530 685 578; x_wconf 75' lang='lat' dir='ltr'>eadem</span> <span class='ocrx_word' id='word_1_54' title='bbox 700 532 856 579; x_wconf 86' lang='lat' dir='ltr'>Natura</span> <span class='ocrx_word' id='word_1_55' title='bbox 872 529 1105 592; x_wconf 69' lang='grc' dir='ltr'>ρῑοάυξὶίς,</span> <span class='ocrx_word' id='word_1_56' title='bbox 1138 544 1183 574; x_wconf 91' lang='lat' dir='ltr'>ut</span> <span class='ocrx_word' id='word_1_57' title='bbox 1213 527 1378 576; x_wconf 81' lang='lat' dir='ltr'>easdem</span> <span class='ocrx_word' id='word_1_58' title='bbox 1396 541 1568 587; x_wconf 84' lang='lat' dir='ltr'>quoque</span> <span class='ocrx_word' id='word_1_59' title='bbox 1598 528 1662 573; x_wconf 86' lang='lat' dir='ltr'>fa-</span> 
     </span>
     <span class='ocr_line' id='line_1_8' title="bbox 217 590 1666 652; baseline -0.003 -15"><span class='ocrx_word' id='word_1_60' title='bbox 217 593 390 639; x_wconf 86' lang='lat' dir='ltr'>cultates</span> <span class='ocrx_word' id='word_1_61' title='bbox 407 590 650 649; x_wconf 79' lang='lat' dir='ltr'>obtineant,</span> <span class='ocrx_word' id='word_1_62' title='bbox 685 610 779 641; x_wconf 90' lang='lat' dir='ltr'>cum</span> <span class='ocrx_word' id='word_1_63' title='bbox 794 594 909 642; x_wconf 89' lang='lat' dir='ltr'>enim</span> <span class='ocrx_word' id='word_1_64' title='bbox 938 609 1000 641; x_wconf 87' lang='lat' dir='ltr'>ars</span> <span class='ocrx_word' id='word_1_65' title='bbox 1032 594 1253 639; x_wconf 74' lang='lat' dir='ltr'>aemuletur</span> <span class='ocrx_word' id='word_1_66' title='bbox 1281 592 1413 652; x_wconf 81' lang='lat' dir='ltr'>ipsam</span> <span class='ocrx_word' id='word_1_67' title='bbox 1441 591 1666 644; x_wconf 75' lang='lat' dir='ltr'>Naturam,</span> 
     </span>
     <span class='ocr_line' id='line_1_9' title="bbox 216 650 1659 717; baseline -0.002 -16"><span class='ocrx_word' id='word_1_68' title='bbox 216 654 326 702; x_wconf 88' lang='lat' dir='ltr'>unde</span> <span class='ocrx_word' id='word_1_69' title='bbox 352 654 435 703; x_wconf 83' lang='lat' dir='ltr'>haec</span> <span class='ocrx_word' id='word_1_70' title='bbox 461 657 588 704; x_wconf 86' lang='lat' dir='ltr'>etiam</span> <span class='ocrx_word' id='word_1_71' title='bbox 620 670 734 717; x_wconf 89' lang='lat' dir='ltr'>aquae</span> <span class='ocrx_word' id='word_1_72' title='bbox 760 659 852 703; x_wconf 89' lang='lat' dir='ltr'>sunt</span> <span class='ocrx_word' id='word_1_73' title='bbox 880 660 971 704; x_wconf 85' lang='lat' dir='ltr'>fere</span> <span class='ocrx_word' id='word_1_74' title='bbox 1003 656 1213 703; x_wconf 77' lang='lat' dir='ltr'>naturales</span> <span class='ocrx_word' id='word_1_75' title='bbox 1246 650 1522 716; x_wconf 78' lang='lat' dir='ltr'>quamobrem</span> <span class='ocrx_word' id='word_1_76' title='bbox 1565 665 1659 698; x_wconf 88' lang='lat' dir='ltr'>non</span> 
     </span>
     <span class='ocr_line' id='line_1_10' title="bbox 216 714 1663 783; baseline -0.004 -18"><span class='ocrx_word' id='word_1_77' title='bbox 216 717 419 779; x_wconf 85' lang='lat' dir='ltr'>recipiunt</span> <span class='ocrx_word' id='word_1_78' title='bbox 433 719 478 766; x_wconf 89' lang='lat' dir='ltr'>in</span> <span class='ocrx_word' id='word_1_79' title='bbox 491 722 531 767; x_wconf 89' lang='lat' dir='ltr'>se</span> <span class='ocrx_word' id='word_1_80' title='bbox 544 718 655 766; x_wconf 86' lang='lat' dir='ltr'>aliud</span> <span class='ocrx_word' id='word_1_81' title='bbox 668 733 915 767; x_wconf 79' lang='lat' dir='ltr'>eXtraneum</span> <span class='ocrx_word' id='word_1_82' title='bbox 943 734 1215 783; x_wconf 70' lang='lat' dir='ltr'>praeterquam</span> <span class='ocrx_word' id='word_1_83' title='bbox 1244 720 1271 763; x_wconf 87' lang='lat' dir='ltr'>s1</span> <span class='ocrx_word' id='word_1_84' title='bbox 1289 714 1487 777; x_wconf 82' lang='lat' dir='ltr'>fimplicia</span> <span class='ocrx_word' id='word_1_85' title='bbox 1503 729 1663 763; x_wconf 86' lang='lat' dir='ltr'>natura·</span> 
     </span>
     <span class='ocr_line' id='line_1_11' title="bbox 218 776 1666 843; baseline -0.007 -14"><span class='ocrx_word' id='word_1_86' title='bbox 218 781 288 835; x_wconf 88' lang='lat' dir='ltr'>lia,</span> <span class='ocrx_word' id='word_1_87' title='bbox 323 796 374 826; x_wconf 83' lang='lat' dir='ltr'>ex</span> <span class='ocrx_word' id='word_1_88' title='bbox 395 780 667 829; x_wconf 87' lang='lat' dir='ltr'>mineralibus</span> <span class='ocrx_word' id='word_1_89' title='bbox 682 780 926 831; x_wconf 74' lang='lat' dir='ltr'>adinvicem</span> <span class='ocrx_word' id='word_1_90' title='bbox 945 797 1032 831; x_wconf 86' lang='lat' dir='ltr'>arte</span> <span class='ocrx_word' id='word_1_91' title='bbox 1049 784 1362 843; x_wconf 81' lang='lat' dir='ltr'>conjungantur</span> <span class='ocrx_word' id='word_1_92' title='bbox 1390 793 1492 839; x_wconf 85' lang='lat' dir='ltr'>aqua</span> <span class='ocrx_word' id='word_1_93' title='bbox 1505 776 1666 837; x_wconf 72' lang='lat' dir='ltr'>simpli-</span> 
     </span>
     <span class='ocr_line' id='line_1_12' title="bbox 221 839 1667 908; baseline -0.002 -18"><span class='ocrx_word' id='word_1_94' title='bbox 221 844 261 890; x_wconf 89' lang='lat' dir='ltr'>ci</span> <span class='ocrx_word' id='word_1_95' title='bbox 273 846 505 908; x_wconf 67' lang='lat' dir='ltr'>respeffive</span> <span class='ocrx_word' id='word_1_96' title='bbox 522 845 760 906; x_wconf 85' lang='lat' dir='ltr'>loquendo,</span> <span class='ocrx_word' id='word_1_97' title='bbox 791 845 935 893; x_wconf 85' lang='lat' dir='ltr'>eadem</span> <span class='ocrx_word' id='word_1_98' title='bbox 950 862 1052 906; x_wconf 81' lang='lat' dir='ltr'>aqua</span> <span class='ocrx_word' id='word_1_99' title='bbox 1070 845 1118 891; x_wconf 85' lang='lat' dir='ltr'>fit</span> <span class='ocrx_word' id='word_1_100' title='bbox 1136 844 1314 901; x_wconf 78' lang='lat' dir='ltr'>mista,ut</span> <span class='ocrx_word' id='word_1_101' title='bbox 1336 841 1518 902; x_wconf 81' lang='lat' dir='ltr'>exempli</span> <span class='ocrx_word' id='word_1_102' title='bbox 1534 839 1667 901; x_wconf 80' lang='lat' dir='ltr'>gratia</span> 
     </span>
     <span class='ocr_line' id='line_1_13' title="bbox 215 902 1665 965; baseline -0.004 -12"><span class='ocrx_word' id='word_1_103' title='bbox 215 908 245 953; x_wconf 84' lang='lat' dir='ltr'>fi</span> <span class='ocrx_word' id='word_1_104' title='bbox 262 909 449 964; x_wconf 84' lang='lat' dir='ltr'>alumen,</span> <span class='ocrx_word' id='word_1_105' title='bbox 482 924 549 957; x_wconf 91' lang='lat' dir='ltr'>aut</span> <span class='ocrx_word' id='word_1_106' title='bbox 563 909 792 965; x_wconf 65' lang='lat' dir='ltr'>vitriolun&#39;,</span> <span class='ocrx_word' id='word_1_107' title='bbox 809 910 875 956; x_wconf 80' lang='lat' dir='ltr'>vel</span> <span class='ocrx_word' id='word_1_108' title='bbox 891 922 1175 956; x_wconf 67' lang='lat' dir='ltr'>atramentum</span> <span class='ocrx_word' id='word_1_109' title='bbox 1192 907 1331 953; x_wconf 80' lang='lat' dir='ltr'>dicere</span> <span class='ocrx_word' id='word_1_110' title='bbox 1345 904 1480 959; x_wconf 74' lang='lat' dir='ltr'>mali8‚</span> <span class='ocrx_word' id='word_1_111' title='bbox 1506 904 1575 951; x_wconf 66' lang='lat' dir='ltr'>vel</span> <span class='ocrx_word' id='word_1_112' title='bbox 1591 902 1665 948; x_wconf 90' lang='lat' dir='ltr'>ali-</span> 
     </span>
     <span class='ocr_line' id='line_1_14' title="bbox 217 965 1662 1033; baseline -0.001 -19"><span class='ocrx_word' id='word_1_113' title='bbox 217 969 270 1015; x_wconf 89' lang='lat' dir='ltr'>ud</span> <span class='ocrx_word' id='word_1_114' title='bbox 287 971 418 1017; x_wconf 59' lang='lat' dir='ltr'>simile</span> <span class='ocrx_word' id='word_1_115' title='bbox 433 969 626 1019; x_wconf 83' lang='lat' dir='ltr'>obruatur</span> <span class='ocrx_word' id='word_1_116' title='bbox 642 971 687 1017; x_wconf 91' lang='lat' dir='ltr'>in</span> <span class='ocrx_word' id='word_1_117' title='bbox 705 988 808 1033; x_wconf 86' lang='lat' dir='ltr'>aqua</span> <span class='ocrx_word' id='word_1_118' title='bbox 820 971 945 1029; x_wconf 87' lang='lat' dir='ltr'>dulci,</span> <span class='ocrx_word' id='word_1_119' title='bbox 983 986 1025 1017; x_wconf 90' lang='lat' dir='ltr'>ut</span> <span class='ocrx_word' id='word_1_120' title='bbox 1046 973 1219 1019; x_wconf 76' lang='lat' dir='ltr'>solvatur</span> <span class='ocrx_word' id='word_1_121' title='bbox 1246 969 1290 1016; x_wconf 88' lang='lat' dir='ltr'>in</span> <span class='ocrx_word' id='word_1_122' title='bbox 1317 987 1383 1025; x_wconf 85' lang='lat' dir='ltr'>ea,</span> <span class='ocrx_word' id='word_1_123' title='bbox 1413 981 1515 1012; x_wconf 82' lang='lat' dir='ltr'>mox</span> <span class='ocrx_word' id='word_1_124' title='bbox 1547 965 1662 1013; x_wconf 83' lang='lat' dir='ltr'>enim</span> 
     </span>
     <span class='ocr_line' id='line_1_15' title="bbox 217 1029 1663 1096; baseline -0.003 -18"><span class='ocrx_word' id='word_1_125' title='bbox 217 1033 330 1080; x_wconf 87' lang='lat' dir='ltr'>illius</span> <span class='ocrx_word' id='word_1_126' title='bbox 348 1035 545 1082; x_wconf 77' lang='lat' dir='ltr'>metallici</span> <span class='ocrx_word' id='word_1_127' title='bbox 565 1034 685 1091; x_wconf 81' lang='lat' dir='ltr'>vires,</span> <span class='ocrx_word' id='word_1_128' title='bbox 719 1043 761 1085; x_wconf 88' lang='lat'>&amp;</span> <span class='ocrx_word' id='word_1_129' title='bbox 779 1034 999 1096; x_wconf 85' lang='lat' dir='ltr'>qualitates</span> <span class='ocrx_word' id='word_1_130' title='bbox 1015 1048 1239 1081; x_wconf 79' lang='lat' dir='ltr'>remanent</span> <span class='ocrx_word' id='word_1_131' title='bbox 1255 1031 1452 1093; x_wconf 68' lang='lat' dir='ltr'>impress&#39;ae</span> <span class='ocrx_word' id='word_1_132' title='bbox 1481 1029 1523 1077; x_wconf 90' lang='lat' dir='ltr'>in</span> <span class='ocrx_word' id='word_1_133' title='bbox 1544 1044 1663 1090; x_wconf 76' lang='lat' dir='ltr'>aqua,</span> 
     </span>
     <span class='ocr_line' id='line_1_16' title="bbox 216 1092 1664 1159; baseline -0.004 -16"><span class='ocrx_word' id='word_1_134' title='bbox 216 1112 306 1158; x_wconf 83' lang='lat' dir='ltr'>quae</span> <span class='ocrx_word' id='word_1_135' title='bbox 322 1098 499 1159; x_wconf 85' lang='lat' dir='ltr'>amplius</span> <span class='ocrx_word' id='word_1_136' title='bbox 517 1113 606 1146; x_wconf 89' lang='lat' dir='ltr'>non</span> <span class='ocrx_word' id='word_1_137' title='bbox 622 1098 702 1146; x_wconf 91' lang='lat' dir='ltr'>erit</span> <span class='ocrx_word' id='word_1_138' title='bbox 720 1097 865 1156; x_wconf 86' lang='lat' dir='ltr'>dulcis,</span> <span class='ocrx_word' id='word_1_139' title='bbox 897 1098 966 1144; x_wconf 89' lang='lat' dir='ltr'>sed</span> <span class='ocrx_word' id='word_1_140' title='bbox 981 1098 1113 1151; x_wconf 83' lang='lat' dir='ltr'>mista,</span> <span class='ocrx_word' id='word_1_141' title='bbox 1133 1103 1174 1145; x_wconf 87' lang='lat'>&amp;</span> <span class='ocrx_word' id='word_1_142' title='bbox 1192 1096 1217 1142; x_wconf 71' lang='grc' dir='ltr'>ὲ</span> <span class='ocrx_word' id='word_1_143' title='bbox 1233 1095 1354 1143; x_wconf 84' lang='lat' dir='ltr'>misto</span> <span class='ocrx_word' id='word_1_144' title='bbox 1367 1093 1411 1140; x_wconf 86' lang='lat' dir='ltr'>in</span> <span class='ocrx_word' id='word_1_145' title='bbox 1425 1110 1472 1140; x_wconf 86' lang='lat' dir='ltr'>ea</span> <span class='ocrx_word' id='word_1_146' title='bbox 1490 1092 1664 1153; x_wconf 82' lang='lat' dir='ltr'>praedo-</span> 
     </span>
     <span class='ocr_line' id='line_1_17' title="bbox 216 1154 1661 1222; baseline -0.006 -14"><span class='ocrx_word' id='word_1_147' title='bbox 216 1160 407 1208; x_wconf 86' lang='lat' dir='ltr'>minante</span> <span class='ocrx_word' id='word_1_148' title='bbox 427 1161 562 1208; x_wconf 76' lang='lat' dir='ltr'>existit</span> <span class='ocrx_word' id='word_1_149' title='bbox 582 1167 759 1210; x_wconf 84' lang='lat' dir='ltr'>alterata</span> <span class='ocrx_word' id='word_1_150' title='bbox 774 1161 819 1208; x_wconf 91' lang='lat' dir='ltr'>in</span> <span class='ocrx_word' id='word_1_151' title='bbox 834 1161 982 1216; x_wconf 84' lang='lat' dir='ltr'>odore,</span> <span class='ocrx_word' id='word_1_152' title='bbox 999 1163 1161 1222; x_wconf 81' lang='lat' dir='ltr'>sapore,</span> <span class='ocrx_word' id='word_1_153' title='bbox 1185 1175 1233 1204; x_wconf 92' lang='lat' dir='ltr'>ac</span> <span class='ocrx_word' id='word_1_154' title='bbox 1259 1157 1425 1220; x_wconf 79' lang='lat' dir='ltr'>reliquis</span> <span class='ocrx_word' id='word_1_155' title='bbox 1447 1154 1661 1215; x_wconf 78' lang='lat' dir='ltr'>qualitati·</span> 
     </span>
     <span class='ocr_line' id='line_1_18' title="bbox 215 1219 1665 1285; baseline -0.003 -15"><span class='ocrx_word' id='word_1_156' title='bbox 215 1221 295 1270; x_wconf 65' lang='lat' dir='ltr'>b‘us</span> <span class='ocrx_word' id='word_1_157' title='bbox 315 1224 436 1285; x_wconf 71' lang='lat' dir='ltr'>ipsius</span> <span class='ocrx_word' id='word_1_158' title='bbox 452 1224 561 1272; x_wconf 84' lang='lat' dir='ltr'>misti</span> <span class='ocrx_word' id='word_1_159' title='bbox 575 1225 707 1285; x_wconf 81' lang='lat' dir='ltr'>magis</span> <span class='ocrx_word' id='word_1_160' title='bbox 727 1239 889 1280; x_wconf 88' lang='lat' dir='ltr'>tamen,</span> <span class='ocrx_word' id='word_1_161' title='bbox 921 1227 987 1272; x_wconf 85' lang='lat' dir='ltr'>vel</span> <span class='ocrx_word' id='word_1_162' title='bbox 1015 1223 1170 1278; x_wconf 82' lang='lat' dir='ltr'>minuS,</span> <span class='ocrx_word' id='word_1_163' title='bbox 1197 1223 1316 1280; x_wconf 76' lang='lat' dir='ltr'>juxta</span> <span class='ocrx_word' id='word_1_164' title='bbox 1342 1219 1567 1277; x_wconf 88' lang='lat' dir='ltr'>majorem,</span> <span class='ocrx_word' id='word_1_165' title='bbox 1600 1219 1665 1266; x_wconf 84' lang='lat' dir='ltr'>vel</span> 
     </span>
     <span class='ocr_line' id='line_1_19' title="bbox 216 1280 1664 1348; baseline -0.006 -14"><span class='ocrx_word' id='word_1_166' title='bbox 216 1286 433 1334; x_wconf 84' lang='lat' dir='ltr'>minorem</span> <span class='ocrx_word' id='word_1_167' title='bbox 448 1288 732 1348; x_wconf 83' lang='lat' dir='ltr'>quantitatem</span> <span class='ocrx_word' id='word_1_168' title='bbox 748 1287 855 1336; x_wconf 76' lang='lat' dir='ltr'>misti</span> <span class='ocrx_word' id='word_1_169' title='bbox 884 1287 1118 1340; x_wconf 59' lang='lat' dir='ltr'>minensis,</span> <span class='ocrx_word' id='word_1_170' title='bbox 1148 1284 1248 1332; x_wconf 86' lang='lat' dir='ltr'>hinc</span> <span class='ocrx_word' id='word_1_171' title='bbox 1274 1282 1328 1332; x_wconf 89' lang='lat' dir='ltr'>ab</span> <span class='ocrx_word' id='word_1_172' title='bbox 1355 1282 1512 1329; x_wconf 82' lang='lat' dir='ltr'>eodem</span> <span class='ocrx_word' id='word_1_173' title='bbox 1540 1280 1664 1328; x_wconf 77' lang='lat' dir='ltr'>misto</span> 
     </span>
     <span class='ocr_line' id='line_1_20' title="bbox 216 1344 1664 1414; baseline -0.003 -20"><span class='ocrx_word' id='word_1_174' title='bbox 216 1347 518 1414; x_wconf 80' lang='lat' dir='ltr'>denominatur</span> <span class='ocrx_word' id='word_1_175' title='bbox 536 1365 653 1410; x_wconf 91' lang='lat' dir='ltr'>aqua,</span> <span class='ocrx_word' id='word_1_176' title='bbox 685 1349 1042 1411; x_wconf 77' lang='lat' dir='ltr'>quemadmodum</span> <span class='ocrx_word' id='word_1_177' title='bbox 1055 1347 1106 1398; x_wconf 89' lang='lat' dir='ltr'>ab</span> <span class='ocrx_word' id='word_1_178' title='bbox 1120 1347 1304 1396; x_wconf 86' lang='lat' dir='ltr'>alumine</span> <span class='ocrx_word' id='word_1_179' title='bbox 1321 1362 1424 1408; x_wconf 87' lang='lat' dir='ltr'>aqua</span> <span class='ocrx_word' id='word_1_180' title='bbox 1437 1344 1664 1392; x_wconf 80' lang='lat' dir='ltr'>aluminosa</span> 
     </span>
     <span class='ocr_line' id='line_1_21' title="bbox 215 1407 1666 1477; baseline -0.003 -18"><span class='ocrx_word' id='word_1_181' title='bbox 215 1411 380 1469; x_wconf 89' lang='lat' dir='ltr'>dicitur,</span> <span class='ocrx_word' id='word_1_182' title='bbox 416 1420 458 1462; x_wconf 86' lang='lat'>&amp;</span> <span class='ocrx_word' id='word_1_183' title='bbox 479 1413 530 1460; x_wconf 89' lang='lat' dir='ltr'>ab</span> <span class='ocrx_word' id='word_1_184' title='bbox 547 1428 791 1462; x_wconf 84' lang='lat' dir='ltr'>atramento</span> <span class='ocrx_word' id='word_1_185' title='bbox 807 1413 1036 1477; x_wconf 82' lang='lat' dir='ltr'>appellatur</span> <span class='ocrx_word' id='word_1_186' title='bbox 1049 1416 1350 1466; x_wconf 86' lang='lat' dir='ltr'>atramentosa,</span> <span class='ocrx_word' id='word_1_187' title='bbox 1385 1416 1423 1455; x_wconf 79' lang='lat'>&amp;</span> <span class='ocrx_word' id='word_1_188' title='bbox 1444 1409 1496 1454; x_wconf 83' lang='lat' dir='ltr'>fic</span> <span class='ocrx_word' id='word_1_189' title='bbox 1512 1407 1565 1454; x_wconf 85' lang='lat' dir='ltr'>de</span> <span class='ocrx_word' id='word_1_190' title='bbox 1581 1407 1666 1454; x_wconf 81' lang='lat' dir='ltr'>sm-</span> 
     </span>
     <span class='ocr_line' id='line_1_22' title="bbox 214 1469 1663 1537; baseline -0.003 -17"><span class='ocrx_word' id='word_1_191' title='bbox 214 1476 321 1537; x_wconf 85' lang='lat' dir='ltr'>gulis</span> <span class='ocrx_word' id='word_1_192' title='bbox 343 1477 597 1525; x_wconf 86' lang='lat' dir='ltr'>censendum</span> <span class='ocrx_word' id='word_1_193' title='bbox 612 1480 700 1525; x_wconf 79' lang='lat' dir='ltr'>est:</span> <span class='ocrx_word' id='word_1_194' title='bbox 731 1477 785 1522; x_wconf 83' lang='lat' dir='ltr'>fic</span> <span class='ocrx_word' id='word_1_195' title='bbox 800 1477 941 1525; x_wconf 88' lang='lat' dir='ltr'>evenit</span> <span class='ocrx_word' id='word_1_196' title='bbox 968 1476 1083 1536; x_wconf 82' lang='lat' dir='ltr'>aquis</span> <span class='ocrx_word' id='word_1_197' title='bbox 1114 1473 1363 1523; x_wconf 87' lang='lat' dir='ltr'>balneorum</span> <span class='ocrx_word' id='word_1_198' title='bbox 1389 1469 1663 1527; x_wconf 79' lang='lat' dir='ltr'>naturalibus,</span> 
     </span>
     <span class='ocr_line' id='line_1_23' title="bbox 214 1533 1660 1599; baseline -0.003 -16"><span class='ocrx_word' id='word_1_199' title='bbox 214 1554 307 1599; x_wconf 80' lang='lat' dir='ltr'>quae</span> <span class='ocrx_word' id='word_1_200' title='bbox 340 1537 561 1588; x_wconf 82' lang='lat' dir='ltr'>visceribus</span> <span class='ocrx_word' id='word_1_201' title='bbox 595 1556 714 1588; x_wconf 82' lang='lat' dir='ltr'>terrae</span> <span class='ocrx_word' id='word_1_202' title='bbox 740 1540 953 1593; x_wconf 67' lang='lat' dir='ltr'>m&#39;ineral&#39;is</span> <span class='ocrx_word' id='word_1_203' title='bbox 984 1540 1137 1597; x_wconf 83' lang='lat' dir='ltr'>fluunt,</span> <span class='ocrx_word' id='word_1_204' title='bbox 1172 1545 1213 1588; x_wconf 87' lang='lat'><strong>&amp;</strong></span> <span class='ocrx_word' id='word_1_205' title='bbox 1229 1552 1303 1599; x_wconf 87' lang='lat' dir='ltr'>pet</span> <span class='ocrx_word' id='word_1_206' title='bbox 1318 1540 1411 1583; x_wconf 84' lang='lat' dir='ltr'>suos</span> <span class='ocrx_word' id='word_1_207' title='bbox 1442 1533 1660 1581; x_wconf 86' lang='lat' dir='ltr'>cuniculos</span> 
     </span>
     <span class='ocr_line' id='line_1_24' title="bbox 214 1599 1661 1659; baseline -0.003 -13"><span class='ocrx_word' id='word_1_208' title='bbox 214 1600 453 1651; x_wconf 84' lang='lat' dir='ltr'>lambentes</span> <span class='ocrx_word' id='word_1_209' title='bbox 466 1605 677 1651; x_wconf 83' lang='lat' dir='ltr'>metallica</span> <span class='ocrx_word' id='word_1_210' title='bbox 696 1601 890 1650; x_wconf 81' lang='lat' dir='ltr'>abradunt</span> <span class='ocrx_word' id='word_1_211' title='bbox 907 1619 954 1649; x_wconf 89' lang='lat' dir='ltr'>ea</span> <span class='ocrx_word' id='word_1_212' title='bbox 971 1607 1192 1659; x_wconf 84' lang='lat' dir='ltr'>secumque</span> <span class='ocrx_word' id='word_1_213' title='bbox 1206 1600 1321 1647; x_wconf 85' lang='lat' dir='ltr'>mista</span> <span class='ocrx_word' id='word_1_214' title='bbox 1336 1599 1541 1653; x_wconf 85' lang='lat' dir='ltr'>deferunt,</span> <span class='ocrx_word' id='word_1_215' title='bbox 1566 1612 1661 1643; x_wconf 88' lang='lat' dir='ltr'>cum</span> 
     </span>
     <span class='ocr_line' id='line_1_25' title="bbox 213 1661 1666 1727; baseline -0.003 -15"><span class='ocrx_word' id='word_1_216' title='bbox 213 1667 291 1713; x_wconf 89' lang='lat' dir='ltr'>suis</span> <span class='ocrx_word' id='word_1_217' title='bbox 307 1665 580 1727; x_wconf 86' lang='lat' dir='ltr'>qualitatibus</span> <span class='ocrx_word' id='word_1_218' title='bbox 597 1667 646 1715; x_wconf 88' lang='lat' dir='ltr'>ad</span> <span class='ocrx_word' id='word_1_219' title='bbox 659 1671 806 1714; x_wconf 89' lang='lat' dir='ltr'>fontes</span> <span class='ocrx_word' id='word_1_220' title='bbox 823 1665 1075 1714; x_wconf 81' lang='lat' dir='ltr'>balneorum</span> <span class='ocrx_word' id='word_1_221' title='bbox 1099 1665 1129 1714; x_wconf 69' lang='lat' dir='ltr'>al.</span> <span class='ocrx_word' id='word_1_222' title='bbox 1160 1661 1307 1724; x_wconf 88' lang='lat' dir='ltr'>quibus</span> <span class='ocrx_word' id='word_1_223' title='bbox 1324 1661 1494 1709; x_wconf 86' lang='lat' dir='ltr'>tandem</span> <span class='ocrx_word' id='word_1_224' title='bbox 1512 1664 1666 1707; x_wconf 83' lang='lat' dir='ltr'>scatent</span> 
     </span>
     <span class='ocr_line' id='line_1_26' title="bbox 212 1725 1661 1791; baseline -0.003 -18"><span class='ocrx_word' id='word_1_225' title='bbox 212 1730 374 1777; x_wconf 67' lang='lat' dir='ltr'>exdem</span> <span class='ocrx_word' id='word_1_226' title='bbox 390 1746 500 1791; x_wconf 78' lang='lat' dir='ltr'>aquae</span> <span class='ocrx_word' id='word_1_227' title='bbox 520 1729 642 1777; x_wconf 83' lang='lat' dir='ltr'>miflae</span> <span class='ocrx_word' id='word_1_228' title='bbox 659 1728 879 1776; x_wconf 79' lang='lat' dir='ltr'>substantia</span> <span class='ocrx_word' id='word_1_229' title='bbox 895 1728 1104 1784; x_wconf 80' lang='lat' dir='ltr'>minetali,</span> <span class='ocrx_word' id='word_1_230' title='bbox 1131 1727 1226 1775; x_wconf 86' lang='lat' dir='ltr'>hinc</span> <span class='ocrx_word' id='word_1_231' title='bbox 1238 1725 1436 1772; x_wconf 88' lang='lat' dir='ltr'>homines</span> <span class='ocrx_word' id='word_1_232' title='bbox 1451 1726 1661 1771; x_wconf 87' lang='lat' dir='ltr'>Naturam</span> 
     </span>
     <span class='ocr_line' id='line_1_27' title="bbox 211 1786 1661 1854; baseline -0.001 -18"><span class='ocrx_word' id='word_1_233' title='bbox 211 1789 360 1839; x_wconf 84' lang='lat' dir='ltr'>ducem</span> <span class='ocrx_word' id='word_1_234' title='bbox 386 1798 695 1854; x_wconf 85' lang='lat' dir='ltr'>prosequentes</span> <span class='ocrx_word' id='word_1_235' title='bbox 727 1806 817 1838; x_wconf 86' lang='lat' dir='ltr'>non</span> <span class='ocrx_word' id='word_1_236' title='bbox 851 1791 1029 1839; x_wconf 74' lang='lat' dir='ltr'>diffimili</span> <span class='ocrx_word' id='word_1_237' title='bbox 1054 1791 1222 1839; x_wconf 85' lang='lat' dir='ltr'>ratione</span> <span class='ocrx_word' id='word_1_238' title='bbox 1251 1787 1337 1836; x_wconf 87' lang='lat' dir='ltr'>nixi</span> <span class='ocrx_word' id='word_1_239' title='bbox 1368 1786 1533 1835; x_wconf 84' lang='lat' dir='ltr'>fuerunt</span> <span class='ocrx_word' id='word_1_240' title='bbox 1564 1801 1661 1834; x_wconf 87' lang='lat' dir='ltr'>eam</span> 
     </span>
     <span class='ocr_line' id='line_1_28' title="bbox 210 1850 1659 1917; baseline -0.001 -18"><span class='ocrx_word' id='word_1_241' title='bbox 210 1854 380 1909; x_wconf 86' lang='lat' dir='ltr'>imitari,</span> <span class='ocrx_word' id='word_1_242' title='bbox 412 1870 665 1917; x_wconf 80' lang='lat' dir='ltr'>quapropter</span> <span class='ocrx_word' id='word_1_243' title='bbox 683 1855 907 1917; x_wconf 85' lang='lat' dir='ltr'>multiplici</span> <span class='ocrx_word' id='word_1_244' title='bbox 925 1853 1185 1915; x_wconf 84' lang='lat' dir='ltr'>experientia</span> <span class='ocrx_word' id='word_1_245' title='bbox 1206 1850 1480 1899; x_wconf 85' lang='lat' dir='ltr'>observarunt</span> <span class='ocrx_word' id='word_1_246' title='bbox 1511 1863 1659 1909; x_wconf 69' lang='lat' dir='ltr'>aquarn</span> 
     </span>
     <span class='ocr_line' id='line_1_29' title="bbox 210 1911 1659 1975; baseline -0.006 -11"><span class='ocrx_word' id='word_1_247' title='bbox 210 1916 395 1975; x_wconf 80' lang='lat' dir='ltr'>dulcem,</span> <span class='ocrx_word' id='word_1_248' title='bbox 428 1917 522 1967; x_wconf 82' lang='lat' dir='ltr'>fieri</span> <span class='ocrx_word' id='word_1_249' title='bbox 538 1918 788 1966; x_wconf 78' lang='lat' dir='ltr'>mineralem</span> <span class='ocrx_word' id='word_1_250' title='bbox 806 1932 972 1973; x_wconf 71' lang='lat' dir='ltr'>naturae,</span> <span class='ocrx_word' id='word_1_251' title='bbox 1009 1925 1052 1966; x_wconf 87' lang='lat'>&amp;</span> <span class='ocrx_word' id='word_1_252' title='bbox 1071 1915 1278 1965; x_wconf 82' lang='lat' dir='ltr'>facultatis</span> <span class='ocrx_word' id='word_1_253' title='bbox 1298 1913 1408 1960; x_wconf 85' lang='lat' dir='ltr'>illius</span> <span class='ocrx_word' id='word_1_254' title='bbox 1427 1911 1659 1968; x_wconf 77' lang='lat' dir='ltr'>mineralis‚</span> 
     </span>
     <span class='ocr_line' id='line_1_30' title="bbox 209 1976 1658 2043; baseline -0.004 -16"><span class='ocrx_word' id='word_1_255' title='bbox 209 1982 325 2043; x_wconf 89' lang='lat' dir='ltr'>quod</span> <span class='ocrx_word' id='word_1_256' title='bbox 340 1981 385 2029; x_wconf 88' lang='lat' dir='ltr'>in</span> <span class='ocrx_word' id='word_1_257' title='bbox 402 1998 449 2028; x_wconf 90' lang='lat' dir='ltr'>ea</span> <span class='ocrx_word' id='word_1_258' title='bbox 466 1979 663 2028; x_wconf 89' lang='lat' dir='ltr'>obrutum</span> <span class='ocrx_word' id='word_1_259' title='bbox 679 1980 825 2036; x_wconf 88' lang='lat' dir='ltr'>fuerit,</span> <span class='ocrx_word' id='word_1_260' title='bbox 860 1980 939 2026; x_wconf 89' lang='lat' dir='ltr'>hoc</span> <span class='ocrx_word' id='word_1_261' title='bbox 957 1979 1085 2026; x_wconf 89' lang='lat' dir='ltr'>etiam</span> <span class='ocrx_word' id='word_1_262' title='bbox 1101 1978 1364 2040; x_wconf 74' lang='lat' dir='ltr'>propositum</span> <span class='ocrx_word' id='word_1_263' title='bbox 1392 1976 1658 2023; x_wconf 81' lang='lat' dir='ltr'>confirmavit</span> 
     </span>
     <span class='ocr_line' id='line_1_31' title="bbox 211 2038 1658 2107; baseline -0.006 -16"><span class='ocrx_word' id='word_1_264' title='bbox 211 2049 387 2092; x_wconf 71' lang='lat' dir='ltr'>Galenus</span> <span class='ocrx_word' id='word_1_265' title='bbox 408 2062 448 2092; x_wconf 90' lang='lat'>1.</span> <span class='ocrx_word' id='word_1_266' title='bbox 466 2047 515 2092; x_wconf 87' lang='lat' dir='ltr'>de</span> <span class='ocrx_word' id='word_1_267' title='bbox 530 2044 719 2107; x_wconf 78' lang='lat' dir='ltr'>simplic.</span> <span class='ocrx_word' id='word_1_268' title='bbox 742 2043 1072 2092; x_wconf 56' lang='lat' dir='ltr'>wledicament.</span> <span class='ocrx_word' id='word_1_269' title='bbox 1089 2045 1301 2091; x_wconf 77' lang='lat' dir='ltr'>Facultat.</span> <span class='ocrx_word' id='word_1_270' title='bbox 1329 2044 1420 2087; x_wconf 79' lang='lat' dir='ltr'>fere</span> <span class='ocrx_word' id='word_1_271' title='bbox 1450 2038 1493 2086; x_wconf 85' lang='lat' dir='ltr'>in</span> <span class='ocrx_word' id='word_1_272' title='bbox 1510 2039 1658 2095; x_wconf 77' lang='lat' dir='ltr'>calce,</span> 
     </span>
     <span class='ocr_line' id='line_1_32' title="bbox 208 2101 1659 2171; baseline -0.008 -15"><span class='ocrx_word' id='word_1_273' title='bbox 208 2123 298 2171; x_wconf 74' lang='lat' dir='ltr'>cap.</span> <span class='ocrx_word' id='word_1_274' title='bbox 319 2128 363 2166; x_wconf 88' lang='lat'>7.</span> <span class='ocrx_word' id='word_1_275' title='bbox 381 2108 452 2155; x_wconf 89' lang='lat' dir='ltr'>ubi</span> <span class='ocrx_word' id='word_1_276' title='bbox 466 2109 534 2164; x_wconf 86' lang='lat' dir='ltr'>ait,</span> <span class='ocrx_word' id='word_1_277' title='bbox 567 2107 721 2156; x_wconf 88' lang='lat' dir='ltr'>imitari</span> <span class='ocrx_word' id='word_1_278' title='bbox 735 2122 873 2156; x_wconf 85' lang='lat' dir='ltr'>autem</span> <span class='ocrx_word' id='word_1_279' title='bbox 888 2123 1011 2168; x_wconf 82' lang='lat' dir='ltr'>potes</span> <span class='ocrx_word' id='word_1_280' title='bbox 1025 2106 1126 2155; x_wconf 72' lang='lat' dir='ltr'>sicut</span> <span class='ocrx_word' id='word_1_281' title='bbox 1155 2106 1375 2156; x_wconf 84' lang='lat' dir='ltr'>marinam,</span> <span class='ocrx_word' id='word_1_282' title='bbox 1409 2103 1463 2148; x_wconf 81' lang='lat' dir='ltr'>lic</span> <span class='ocrx_word' id='word_1_283' title='bbox 1489 2101 1659 2149; x_wconf 85' lang='lat' dir='ltr'>aliarum</span> 
     </span>
     <span class='ocr_line' id='line_1_33' title="bbox 208 2166 1656 2234; baseline -0.005 -17"><span class='ocrx_word' id='word_1_284' title='bbox 208 2171 439 2234; x_wconf 79' lang='lat' dir='ltr'>quamlibet</span> <span class='ocrx_word' id='word_1_285' title='bbox 456 2170 688 2228; x_wconf 75' lang='lat' dir='ltr'>substantia,</span> <span class='ocrx_word' id='word_1_286' title='bbox 703 2171 800 2228; x_wconf 61' lang='lat' dir='ltr'>viz.&gt;</span> <span class='ocrx_word' id='word_1_287' title='bbox 820 2169 1006 2226; x_wconf 80' lang='lat' dir='ltr'>admista,</span> <span class='ocrx_word' id='word_1_288' title='bbox 1026 2185 1117 2230; x_wconf 85' lang='lat' dir='ltr'>q-uae</span> <span class='ocrx_word' id='word_1_289' title='bbox 1133 2168 1178 2215; x_wconf 91' lang='lat' dir='ltr'>in</span> <span class='ocrx_word' id='word_1_290' title='bbox 1194 2183 1354 2229; x_wconf 77' lang='lat' dir='ltr'>quaque</span> <span class='ocrx_word' id='word_1_291' title='bbox 1370 2166 1534 2214; x_wconf 75' lang='lat' dir='ltr'>vincere</span> <span class='ocrx_word' id='word_1_292' title='bbox 1548 2180 1656 2211; x_wconf 89' lang='lat' dir='ltr'>con-</span> 
     </span>
     <span class='ocr_line' id='line_1_34' title="bbox 207 2229 1656 2298; baseline -0.006 -16"><span class='ocrx_word' id='word_1_293' title='bbox 207 2235 392 2296; x_wconf 75' lang='lat' dir='ltr'>spicitur,</span> <span class='ocrx_word' id='word_1_294' title='bbox 409 2251 510 2282; x_wconf 86' lang='lat' dir='ltr'>nam</span> <span class='ocrx_word' id='word_1_295' title='bbox 523 2235 715 2298; x_wconf 87' lang='lat' dir='ltr'>sulphure</span> <span class='ocrx_word' id='word_1_296' title='bbox 735 2239 776 2283; x_wconf 82' lang='lat' dir='ltr'>in</span> <span class='ocrx_word' id='word_1_297' title='bbox 790 2249 940 2296; x_wconf 81' lang='lat' dir='ltr'>aqu-am</span> <span class='ocrx_word' id='word_1_298' title='bbox 957 2233 1122 2280; x_wconf 90' lang='lat' dir='ltr'>dulcem</span> <span class='ocrx_word' id='word_1_299' title='bbox 1134 2231 1274 2279; x_wconf 86' lang='lat' dir='ltr'>indito</span> <span class='ocrx_word' id='word_1_300' title='bbox 1290 2229 1574 2289; x_wconf 84' lang='lat' dir='ltr'>sulphurosam</span> <span class='ocrx_word' id='word_1_301' title='bbox 1589 2231 1656 2274; x_wconf 88' lang='lat' dir='ltr'>ef·-</span> 
     </span>
     <span class='ocr_line' id='line_1_35' title="bbox 207 2294 1658 2355; baseline -0.005 -10"><span class='ocrx_word' id='word_1_302' title='bbox 207 2299 376 2355; x_wconf 89' lang='lat' dir='ltr'>feceris,</span> <span class='ocrx_word' id='word_1_303' title='bbox 407 2299 610 2346; x_wconf 80' lang='lat' dir='ltr'>Alumine</span> <span class='ocrx_word' id='word_1_304' title='bbox 627 2298 914 2352; x_wconf 85' lang='lat' dir='ltr'>aluminosam,</span> <span class='ocrx_word' id='word_1_305' title='bbox 931 2315 978 2344; x_wconf 89' lang='lat' dir='ltr'>ac</span> <span class='ocrx_word' id='word_1_306' title='bbox 993 2297 1147 2344; x_wconf 86' lang='lat' dir='ltr'>eodem</span> <span class='ocrx_word' id='word_1_307' title='bbox 1165 2295 1298 2342; x_wconf 90' lang='lat' dir='ltr'>modo</span> <span class='ocrx_word' id='word_1_308' title='bbox 1320 2294 1491 2339; x_wconf 87' lang='lat' dir='ltr'>aliarum</span> <span class='ocrx_word' id='word_1_309' title='bbox 1510 2306 1658 2338; x_wconf 89' lang='lat' dir='ltr'>u-nam-</span> 
     </span>
     <span class='ocr_line' id='line_1_36' title="bbox 204 2352 1701 2426; baseline -0.005 -18"><span class='ocrx_word' id='word_1_310' title='bbox 204 2378 418 2425; x_wconf 83' lang='lat' dir='ltr'>quamque</span> <span class='ocrx_word' id='word_1_311' title='bbox 449 2381 462 2408; x_wconf 69' lang='grc' dir='ltr'>ε</span> <span class='ocrx_word' id='word_1_312' title='bbox 489 2378 567 2426; x_wconf 85' lang='lat' dir='ltr'>pro</span> <span class='ocrx_word' id='word_1_313' title='bbox 596 2377 817 2423; x_wconf 84' lang='lat' dir='ltr'>comperto</span> <span class='ocrx_word' id='word_1_314' title='bbox 847 2362 984 2423; x_wconf 81' lang='lat' dir='ltr'>itaque</span> <span class='ocrx_word' id='word_1_315' title='bbox 1013 2359 1366 2418; x_wconf 77' lang='lat' dir='ltr'>habemus&#39;aquas</span> <span class='ocrx_word' id='word_1_316' title='bbox 1396 2355 1538 2402; x_wconf 86' lang='lat' dir='ltr'>dulces</span> <span class='ocrx_word' id='word_1_317' title='bbox 1566 2352 1658 2401; x_wconf 85' lang='lat' dir='ltr'>fieri</span> <span class='ocrx_word' id='word_1_318' title='bbox 1696 2406 1701 2407; x_wconf 15' lang='lat'><em>⁷</em></span> 
     </span>
     <span class='ocr_line' id='line_1_37' title="bbox 209 2416 1658 2488; baseline -0.008 -14"><span class='ocrx_word' id='word_1_319' title='bbox 209 2441 300 2474; x_wconf 87' lang='lat' dir='ltr'>arte</span> <span class='ocrx_word' id='word_1_320' title='bbox 319 2430 634 2483; x_wconf 88' lang='lat' dir='ltr'>atramentosas,</span> <span class='ocrx_word' id='word_1_321' title='bbox 651 2433 693 2475; x_wconf 85' lang='lat'>&amp;</span> <span class='ocrx_word' id='word_1_322' title='bbox 712 2423 923 2487; x_wconf 83' lang='lat' dir='ltr'>potabiles</span> <span class='ocrx_word' id='word_1_323' title='bbox 941 2439 1021 2488; x_wconf 89' lang='lat' dir='ltr'>pro</span> <span class='ocrx_word' id='word_1_324' title='bbox 1037 2426 1105 2473; x_wconf 86' lang='lat' dir='ltr'>usu</span> <span class='ocrx_word' id='word_1_325' title='bbox 1122 2420 1364 2475; x_wconf 77' lang='lat' dir='ltr'>Medicinae,</span> <span class='ocrx_word' id='word_1_326' title='bbox 1378 2432 1503 2482; x_wconf 85' lang='lat' dir='ltr'>prout</span> <span class='ocrx_word' id='word_1_327' title='bbox 1519 2416 1658 2463; x_wconf 82' lang='lat' dir='ltr'>Ther-</span> 
     </span>
    </p>
   </div>
   <div class='ocr_carea' id='block_1_3' title="bbox 209 2483 1658 2604">
    <p class='ocr_par' dir='ltr' id='par_1_3' title="bbox 209 2483 1658 2604">
     <span class='ocr_line' id='line_1_38' title="bbox 209 2483 1657 2598; baseline 0.001 -60"><span class='ocrx_word' id='word_1_328' title='bbox 209 2494 337 2541; x_wconf 82' lang='lat' dir='ltr'>males</span> <span class='ocrx_word' id='word_1_329' title='bbox 351 2493 460 2548; x_wconf 88' lang='lat' dir='ltr'>sunt,</span> <span class='ocrx_word' id='word_1_330' title='bbox 479 2489 693 2554; x_wconf 34' lang='lat' dir='ltr'>[nempefi</span> <span class='ocrx_word' id='word_1_331' title='bbox 714 2503 950 2538; x_wconf 82' lang='lat' dir='ltr'>atramenta</span> <span class='ocrx_word' id='word_1_332' title='bbox 977 2490 1188 2598; x_wconf 55' lang='lat' dir='ltr'>slolvantur</span> <span class='ocrx_word' id='word_1_333' title='bbox 1214 2486 1261 2534; x_wconf 84' lang='lat' dir='ltr'>&#39;m</span> <span class='ocrx_word' id='word_1_334' title='bbox 1287 2483 1362 2538; x_wconf 72' lang='lat' dir='ltr'>eis,</span> <span class='ocrx_word' id='word_1_335' title='bbox 1397 2493 1657 2591; x_wconf 47' lang='lat' dir='ltr'>quafropter</span> 
     </span>
     <span class='ocr_line' id='line_1_39' title="bbox 928 2556 1658 2604; baseline -0.015 -6"><span class='ocrx_word' id='word_1_336' title='bbox 928 2556 967 2598; x_wconf 89' lang='lat' dir='ltr'><strong>K</strong></span> <span class='ocrx_word' id='word_1_337' title='bbox 1392 2559 1474 2593; x_wconf 88' lang='lat' dir='ltr'>con</span> <span class='ocrx_word' id='word_1_338' title='bbox 1493 2556 1658 2604; x_wconf 78' lang='lat' dir='ltr'>equitur</span> 
     </span>
    </p>
   </div>
  </div>
 </body>
</html>
