1967 2833
319 122 326 127 ’
355 146 404 223 9
434 114 440 116 “
720 114 930 195 Sexta
953 108 1334 225 Descriptio

309 238 396 293 tisz
439 244 550 293 idem
579 257 751 306 quoque
784 242 968 305 legitur,
1000 241 1076 290 lib.
1111 256 1181 303 14
1239 236 1469 288 tMethodi
1501 241 1763 302 medenda}

311 315 532 363 Praeterea,
561 305 637 355 lib.
669 313 713 354 6.
738 307 787 355 de
819 307 1026 367 Composit.
1063 303 1445 365 &ledia-frenati.
1468 307 1545 350 locs
1578 309 1771 354 Necnon

313 372 450 425 tertio
463 369 574 423 libro
588 369 749 419 dixerat
765 369 972 431 repellere
991 383 1083 417 tum
1107 369 1266 414 austera
1297 379 1390 416 tum
1419 365 1592 416 acerba:
1629 384 1776 432 oppo-

313 435 438 486 fitum
454 448 596 483 autem
607 431 932 496 deprehenditur
946 430 1120 482 evenire
1135 444 1189 477 ex
1203 428 1318 480 cass‘ia
1335 447 1346 475 ε
1373 446 1419 477 ea
1434 432 1550 479 enim
1567 433 1624 479 est
1640 431 1775 479 dulcis

314 497 460 546 mollis
476 511 717 560 temperate
731 494 868 544 calida
888 502 927 542 &
945 492 1242 552 humida,cujus
1258 493 1431 540 facultas
1450 497 1508 541 est
1525 510 1770 557 concoque-

313 560 514 618 re,lenire
527 576 574 607 ac
605 560 813 607 resolvere
832 575 843 602 τ
881 560 1014 605 rursus
1031 571 1134 607 vero
1151 556 1179 602 fi
1195 571 1282 618 quae
1299 553 1483 603 diximus
1512 557 1766 617 parvi-facis,

315 639 418 670 nam
435 621 511 669 tibi
524 623 731 670 videamur
745 636 959 669 excurrere
975 618 1193 680 opinionis
1209 633 1284 665 tuae
1302 618 1447 665 insanae
1466 617 1767 681 limite8‚quan-1

318 699 489 734 tantum
505 685 661 746 infregi
692 686 792 731 acin
812 679 989 731 nihilum
1004 681 1160 744 redegi,
1176 679 1456 730 nihilominus
1473 680 1659 735 animum
1678 687 1767 729 for-

318 750 424 798 sitan
446 747 572 797 hahes
589 749 633 794 in
643 748 794 795 flexum
811 746 1021 793 adhaerere
1035 744 1321 807 experientiae,
1335 745 1402 791 cui
1416 743 1558 804 potius
1571 744 1704 793 credis
1719 760 1767 792 ut

318 810 473 870 Cicero,
489 811 561 859 lib.
585 829 623 858 1.
649 811 699 857 de
728 814 853 857 Orata
885 808 1069 870 Scripsit,
1097 807 1351 867 adjungatur
1369 809 1459 854 usus
1489 810 1685 868 frequens
1701 807 1774 871 qui

321 875 515 921 omnium
531 873 820 935 magistrorum
837 886 1045 936 praccepta
1059 875 1223 932 superat
1247 887 1259 916 ε
1291 868 1449 917 intueri
1479 885 1580 918 vero
1596 885 1774 936 oportet

318 936 514 987 fallacem
547 946 590 988 &
632 936 909 998 periculosam
945 932 1028 983 esse
1069 931 1377 993 experientiam
1414 932 1773 993 quemadmodum

319 1000 598 1066 Hl'ppocrates
616 998 842 1046 Medicinae
859 996 1229 1055 oraculum,lib.1.
1262 995 1507 1059 Aphorism.
1541 996 1775 1047 Praesertim

320 1064 568 1127 empiricam
582 1080 625 1111 ut
636 1077 707 1112 tua
720 1062 881 1112 videtur
903 1062 990 1109 fine
1006 1060 1168 1120 judicio
1187 1076 1198 1104 :
1232 1056 1530 1119 Qamobrem
1548 1062 1776 1122 requiritur

320 1126 564 1175 methodica
580 1127 739 1189 quippe
770 1140 864 1173 non
893 1128 983 1171 casu
1012 1123 1082 1172 sed
1110 1120 1331 1171 effeenbus
1344 1122 1501 1184 jugiter
1513 1137 1652 1184 pateat
1680 1138 1776 1176 cum

322 1190 491 1237 ratione
507 1191 736 1249 conjunfia
766 1204 811 1234 ut
828 1188 961 1235 altera
975 1202 1070 1235 cum
1084 1190 1208 1235 altera
1224 1184 1709 1247 comprobetur,idcirc0
1725 1187 1775 1234 ad

322 1253 453 1300 nostri
468 1252 673 1315 propositi
687 1250 1085 1306 confirmationem,
1111 1264 1269 1313 nempe
1281 1247 1334 1296 de
1351 1249 1482 1305 cassu,
1498 1247 1697 1298 adducam
1712 1267 1777 1299 at-

324 1329 406 1376 que
421 1319 670 1364 consensum
684 1314 767 1362 effe
784 1312 978 1363 omnium
991 1312 1250 1360 medicorum
1263 1310 1395 1360 nostri
1409 1310 1544 1369 seculi,
1560 1311 1772 1374 quiquam

323 1379 519 1427 maximae
548 1376 869 1428 existimationis
893 1378 976 1426 fint
1002 1377 1048 1423 in
1076 1375 1210 1423 literis
1226 1391 1273 1422 ac
1305 1374 1437 1423 etiam
1467 1374 1777 1437 experimentis

325 1442 509 1498 versati,
535 1446 719 1490 noscunt
751 1439 996 1502 quotidiana
1024 1437 1291 1503 experientia
1322 1436 1505 1486 Gaffiam
1535 1440 1782 1501 AEgyptiam

324 1503 566 1564 praedi&am
604 1505 781 1552 existere
812 1500 985 1549 dotibus
1012 1518 1116 1564 quas
1155 1501 1196 1548 ei
1223 1504 1341 1562 supra
1378 1500 1693 1563 assignavimus:
1730 1509 1772 1550 &

325 1565 427 1613 ideo
443 1568 530 1626 jam
545 1581 615 1614 tot
630 1566 784 1617 ictibus
797 1564 940 1613 arietis
967 1581 1128 1628 nempe
1159 1562 1339 1613 rationis
1368 1570 1410 1612 &
1428 1564 1688 1613 auctoritatis
1706 1583 1778 1615 ve-

324 1644 415 1676 rum
430 1645 555 1693 atq-ue
571 1630 688 1692 jugis·
710 1628 996 1690 experimenti
1024 1626 1240 1677 concussus
1255 1626 1554 1688 convi&usque
1583 1644 1628 1676 es
1645 1629 1781 1690 depo·

325 1708 424 1740 nere
441 1695 587 1743 falsam
602 1708 716 1741 tuam
747 1690 997 1752 opinionem
1021 1690 1187 1738 lubrico
1199 1688 1488 1738 fundamento
1503 1707 1778 1753 conceptam,

326 1771 373 1802 ac
400 1756 529 1805 veluti
559 1755 834 1804 deridendam
862 1752 1049 1813 abjurare
1080 1762 1123 1803 ὅτ
1149 1755 1340 1821 respuere
1372 1765 1554 1817 eamque
1581 1771 1676 1803 cum
1703 1754 1779 1802 hac

326 1819 498 1868 veritate
515 1833 776 1868 commutare
807 1817 976 1865 coafius
990 1833 1035 1865 es
1054 1838 1067 1865 :
1099 1817 1164 1865 his
1192 1814 1340 1864 auditis
1372 1814 1583 1867 obmutuit
1599 1818 1778 1880 stupidus

325 1883 399 1932 ille
418 1883 599 1944 medicus
616 1899 697 1931 nec
711 1880 1015 1944 impudentiam
1029 1878 1216 1942 effugere
1239 1875 1401 1941 potuit,
1413 1880 1516 1942 quin
1531 1882 1777 1943 aegrotantis

325 1960 523 2009 parentes
541 1948 565 1994 ὲ
581 1946 715 1994 domo
726 1944 966 2008 expulerint
993 1942 1259 1993 contumeliis
1276 1941 1472 1991 insulsum
1503 1942 1615 1991 hunc
1643 1944 1778 1994 medi-

327 2026 443 2066 cum,
467 2009 574 2057 inde
616 2014 752 2057 rursus
782 2007 884 2056 mihi
909 2007 1173 2056 curationem
1203 2005 1578 2068 supplicationibus
1609 2007 1779 2070 delega-

330 2089 442 2129 runt,
474 2088 602 2135 quam
616 2072 766 2119 sedulo
781 2069 999 2120 absolvi&
1017 2074 1134 2120 sanus
1149 2069 1273 2119 evasit
1301 2083 1403 2129 puer
1435 2066 1783 2134 tandemquelpa:

329 2151 473 2186 rentes
501 2134 596 2185 vvoti
625 2134 685 2181 sui
713 2149 938 2199 compotes
965 2137 1141 2181 fuerunt
1172 2147 1329 2180 omnes
1349 2158 1361 2179 a
1390 2131 1521 2180 Aliud
1534 2134 1780 2195 exemplum

326 2199 536 2258 cujusdam
556 2214 608 2247 ex
625 2213 733 2245 caeto
743 2197 1007 2246 medicorum
1023 2195 1136 2245 urbis
1152 2194 1325 2258 ingenio
1340 2193 1451 2242 rudis
1469 2202 1682 2244 recensere
1696 2198 1777 2244 mi-

327 2263 372 2311 hi
386 2263 586 2311 occurrit:
620 2261 721 2309 dum
735 2262 854 2309 enim
871 2275 1041 2309 vocatus
1060 2261 1202 2308 acceffi
1230 2274 1318 2321 ego
1344 2257 1395 2305 ad
1410 2258 1620 2319 quendam
1651 2261 1784 2309 civem

329 2329 456 2375 strato
472 2323 759 2382 jacentemob
770 2323 1007 2387 graviffimae
1024 2322 1285 2385 aegritudinis
1303 2324 1462 2368 causam
1479 2320 1583 2369 mihi
1608 2322 1782 2373 obviam

328 2390 441 2441 venit
470 2388 637 2436 lascivus
657 2387 835 2449 quidam
863 2387 1137 2448 petulansque
1165 2384 1349 2432 medicus
1372 2383 1442 2447 qui
1474 2384 1780 2449 philosophiam

327 2447 632 2514 profitebatur,
647 2450 832 2511 quamvis
846 2465 940 2499 eam
954 2464 1101 2511 par-um
1116 2448 1332 2502 olfecerit,
1347 2447 1504 2495 idcirco
1517 2464 1780 2512 nequaquam

324 2529 373 2566 te
403 2513 473 2563 sed
502 2511 1012 2564 nomine-tantummodo
1053 2510 1328 2578 philosophus
1355 2511 1553 2576 opinatur
1579 2511 1780 2623 degifione

999 2596 1003 2599 ·
1654 2591 1775 2639 ignus
