<?xml version="1.0" encoding="UTF-8"?>
<!DOCTYPE html PUBLIC "-//W3C//DTD XHTML 1.0 Transitional//EN"
    "http://www.w3.org/TR/xhtml1/DTD/xhtml1-transitional.dtd">
<html xmlns="http://www.w3.org/1999/xhtml" xml:lang="en" lang="en">
 <head>
  <title>
</title>
<meta http-equiv="Content-Type" content="text/html;charset=utf-8" />
  <meta name='ocr-system' content='tesseract 3.04.00' />
  <meta name='ocr-capabilities' content='ocr_page ocr_carea ocr_par ocr_line ocrx_word'/>
</head>
<body>
  <div class='ocr_page' id='page_1' title='image "./deatramentiscuju00cane_0380.png"; bbox 0 0 1967 2833; ppageno 0'>
   <div class='ocr_carea' id='block_1_1' title="bbox 312 88 1826 1815">
    <p class='ocr_par' dir='ltr' id='par_1_1' title="bbox 312 88 1804 667">
     <span class='ocr_line' id='line_1_1' title="bbox 312 88 1419 225; baseline -0.002 -39"><span class='ocrx_word' id='word_1_1' title='bbox 312 101 458 210; x_wconf 73' lang='lat' dir='ltr'>}6o</span> <span class='ocrx_word' id='word_1_2' title='bbox 687 88 958 216; x_wconf 68' lang='lat' dir='ltr'>Qtimtd¹</span> <span class='ocrx_word' id='word_1_3' title='bbox 987 92 1379 225; x_wconf 69' lang='lat' dir='ltr'><em>Descriptio</em></span> <span class='ocrx_word' id='word_1_4' title='bbox 1416 126 1419 133; x_wconf 63' lang='lat'><strong><em>‘</em></strong></span> 
     </span>
     <span class='ocr_line' id='line_1_2' title="bbox 317 219 1794 290; baseline -0.002 -13"><span class='ocrx_word' id='word_1_5' title='bbox 317 227 458 285; x_wconf 68' lang='lat' dir='ltr'>genti,</span> <span class='ocrx_word' id='word_1_6' title='bbox 489 233 535 277; x_wconf 73' lang='grc' dir='ltr'>δι’</span> <span class='ocrx_word' id='word_1_7' title='bbox 551 227 667 290; x_wconf 73' lang='lat' dir='ltr'>super</span> <span class='ocrx_word' id='word_1_8' title='bbox 680 229 838 290; x_wconf 75' lang='lat' dir='ltr'>lapides</span> <span class='ocrx_word' id='word_1_9' title='bbox 854 229 1004 279; x_wconf 74' lang='lat' dir='ltr'>residet</span> <span class='ocrx_word' id='word_1_10' title='bbox 1023 229 1175 276; x_wconf 74' lang='lat' dir='ltr'>colo-is</span> <span class='ocrx_word' id='word_1_11' title='bbox 1194 224 1335 284; x_wconf 81' lang='lat' dir='ltr'>azurri,</span> <span class='ocrx_word' id='word_1_12' title='bbox 1367 231 1422 275; x_wconf 52' lang='grc' dir='ltr'>εκ</span> <span class='ocrx_word' id='word_1_13' title='bbox 1435 219 1485 270; x_wconf 82' lang='lat' dir='ltr'>ab</span> <span class='ocrx_word' id='word_1_14' title='bbox 1498 220 1794 288; x_wconf 25' lang='lat' dir='ltr'>*eisdemlapi-</span> 
     </span>
     <span class='ocr_line' id='line_1_3' title="bbox 319 281 1795 354; baseline 0.001 -18"><span class='ocrx_word' id='word_1_15' title='bbox 319 281 456 353; x_wconf 39' lang='lat' dir='ltr'>(libus,</span> <span class='ocrx_word' id='word_1_16' title='bbox 489 288 638 351; x_wconf 84' lang='lat' dir='ltr'>quibus</span> <span class='ocrx_word' id='word_1_17' title='bbox 653 291 823 340; x_wconf 76' lang='lat' dir='ltr'>adheret</span> <span class='ocrx_word' id='word_1_18' title='bbox 853 294 1070 354; x_wconf 71' lang='lat' dir='ltr'>colli-gitur</span> <span class='ocrx_word' id='word_1_19' title='bbox 1097 288 1336 339; x_wconf 78' lang='lat' dir='ltr'>abradendo</span> <span class='ocrx_word' id='word_1_20' title='bbox 1363 303 1456 342; x_wconf 82' lang='lat' dir='ltr'>eos,</span> <span class='ocrx_word' id='word_1_21' title='bbox 1491 286 1589 336; x_wconf 86' lang='lat' dir='ltr'>inde</span> <span class='ocrx_word' id='word_1_22' title='bbox 1622 287 1795 338; x_wconf 85' lang='lat' dir='ltr'>scobem</span> 
     </span>
     <span class='ocr_line' id='line_1_4' title="bbox 320 353 1800 411; baseline 0.001 -11"><span class='ocrx_word' id='word_1_23' title='bbox 320 364 409 407; x_wconf 75' lang='lat' dir='ltr'>Jam</span> <span class='ocrx_word' id='word_1_24' title='bbox 421 355 603 401; x_wconf 81' lang='lat' dir='ltr'>abrasam</span> <span class='ocrx_word' id='word_1_25' title='bbox 637 354 874 402; x_wconf 75' lang='lat' dir='ltr'>tenuissime</span> <span class='ocrx_word' id='word_1_26' title='bbox 893 357 1079 411; x_wconf 87' lang='lat' dir='ltr'>molunt,</span> <span class='ocrx_word' id='word_1_27' title='bbox 1114 361 1158 404; x_wconf 68' lang='lat' dir='ltr'>ec</span> <span class='ocrx_word' id='word_1_28' title='bbox 1178 356 1340 408; x_wconf 77' lang='lat' dir='ltr'>lavant,</span> <span class='ocrx_word' id='word_1_29' title='bbox 1362 366 1466 400; x_wconf 88' lang='lat' dir='ltr'>mox</span> <span class='ocrx_word' id='word_1_30' title='bbox 1481 366 1576 403; x_wconf 85' lang='lat' dir='ltr'>eam</span> <span class='ocrx_word' id='word_1_31' title='bbox 1591 353 1800 410; x_wconf 84' lang='lat' dir='ltr'>exiccant,</span> 
     </span>
     <span class='ocr_line' id='line_1_5' title="bbox 327 414 1799 479; baseline -0.002 -13"><span class='ocrx_word' id='word_1_32' title='bbox 327 424 371 466; x_wconf 88' lang='lat'>&amp;</span> <span class='ocrx_word' id='word_1_33' title='bbox 405 417 487 462; x_wconf 87' lang='lat' dir='ltr'>usui</span> <span class='ocrx_word' id='word_1_34' title='bbox 516 415 705 479; x_wconf 55' lang='lat' dir='ltr'>picium,</span> <span class='ocrx_word' id='word_1_35' title='bbox 740 427 782 467; x_wconf 89' lang='lat'>&amp;</span> <span class='ocrx_word' id='word_1_36' title='bbox 813 417 1019 477; x_wconf 71' lang='lat' dir='ltr'>scripturae</span> <span class='ocrx_word' id='word_1_37' title='bbox 1052 421 1236 475; x_wconf 82' lang='lat' dir='ltr'>seruant,</span> <span class='ocrx_word' id='word_1_38' title='bbox 1261 415 1392 478; x_wconf 82' lang='lat' dir='ltr'>adhuc</span> <span class='ocrx_word' id='word_1_39' title='bbox 1423 429 1523 462; x_wconf 83' lang='lat' dir='ltr'>vero</span> <span class='ocrx_word' id='word_1_40' title='bbox 1551 415 1718 463; x_wconf 85' lang='lat' dir='ltr'>nullum</span> <span class='ocrx_word' id='word_1_41' title='bbox 1753 414 1799 463; x_wconf 85' lang='lat' dir='ltr'>in</span> 
     </span>
     <span class='ocr_line' id='line_1_6' title="bbox 324 476 1804 542; baseline 0 -15"><span class='ocrx_word' id='word_1_42' title='bbox 324 478 535 527; x_wconf 84' lang='lat' dir='ltr'>medicina</span> <span class='ocrx_word' id='word_1_43' title='bbox 552 483 665 527; x_wconf 86' lang='lat' dir='ltr'>usum</span> <span class='ocrx_word' id='word_1_44' title='bbox 681 479 807 528; x_wconf 73' lang='lat' dir='ltr'>habet</span> <span class='ocrx_word' id='word_1_45' title='bbox 828 498 842 535; x_wconf 72' lang='grc' dir='ltr'><strong>ς</strong></span> <span class='ocrx_word' id='word_1_46' title='bbox 878 484 1007 528; x_wconf 87' lang='lat' dir='ltr'>Terra</span> <span class='ocrx_word' id='word_1_47' title='bbox 1025 481 1214 542; x_wconf 81' lang='lat' dir='ltr'>quaedam</span> <span class='ocrx_word' id='word_1_48' title='bbox 1231 479 1407 527; x_wconf 75' lang='lat' dir='ltr'>caerulea</span> <span class='ocrx_word' id='word_1_49' title='bbox 1422 476 1634 525; x_wconf 80' lang='lat' dir='ltr'>advehitur</span> <span class='ocrx_word' id='word_1_50' title='bbox 1647 494 1701 525; x_wconf 82' lang='lat' dir='ltr'>ex</span> <span class='ocrx_word' id='word_1_51' title='bbox 1718 479 1804 527; x_wconf 83' lang='lat' dir='ltr'>Hi-</span> 
     </span>
     <span class='ocr_line' id='line_1_7' title="bbox 326 539 1804 603; baseline 0.001 -15"><span class='ocrx_word' id='word_1_52' title='bbox 326 541 471 602; x_wconf 81' lang='lat' dir='ltr'>spania</span> <span class='ocrx_word' id='word_1_53' title='bbox 486 544 829 603; x_wconf 81' lang='lat' dir='ltr'>paucimomenti</span> <span class='ocrx_word' id='word_1_54' title='bbox 855 560 949 592; x_wconf 89' lang='lat' dir='ltr'>non</span> <span class='ocrx_word' id='word_1_55' title='bbox 980 543 1131 592; x_wconf 79' lang='lat' dir='ltr'>intensi</span> <span class='ocrx_word' id='word_1_56' title='bbox 1162 542 1339 600; x_wconf 83' lang='lat' dir='ltr'>colotis,</span> <span class='ocrx_word' id='word_1_57' title='bbox 1377 540 1470 588; x_wconf 81' lang='lat' dir='ltr'>imo</span> <span class='ocrx_word' id='word_1_58' title='bbox 1484 539 1622 597; x_wconf 89' lang='lat' dir='ltr'>diluti,</span> <span class='ocrx_word' id='word_1_59' title='bbox 1649 549 1692 591; x_wconf 78' lang='grc' dir='ltr'>δι</span> <span class='ocrx_word' id='word_1_60' title='bbox 1709 542 1804 591; x_wconf 73' lang='lat' dir='ltr'>vilis</span> 
     </span>
     <span class='ocr_line' id='line_1_8' title="bbox 328 605 675 667; baseline 0.012 -16"><span class='ocrx_word' id='word_1_61' title='bbox 328 607 471 667; x_wconf 83' lang='lat' dir='ltr'>praetii</span> <span class='ocrx_word' id='word_1_62' title='bbox 487 605 675 654; x_wconf 84' lang='lat' dir='ltr'>habetur.</span> 
     </span>
    </p>

    <p class='ocr_par' dir='ltr' id='par_1_2' title="bbox 329 664 1807 843">
     <span class='ocr_line' id='line_1_9' title="bbox 348 664 1807 732; baseline 0.001 -18"><span class='ocrx_word' id='word_1_63' title='bbox 348 691 350 693; x_wconf 55' lang='lat'>&gt;</span> <span class='ocrx_word' id='word_1_64' title='bbox 386 669 614 717; x_wconf 88' lang='lat' dir='ltr'>Recensuit</span> <span class='ocrx_word' id='word_1_65' title='bbox 631 671 896 732; x_wconf 83' lang='lat' dir='ltr'><em>Dioscorides</em></span> <span class='ocrx_word' id='word_1_66' title='bbox 910 676 1132 722; x_wconf 74' lang='lat' dir='ltr'>caeruleum</span> <span class='ocrx_word' id='word_1_67' title='bbox 1154 671 1345 719; x_wconf 79' lang='lat' dir='ltr'>colorem</span> <span class='ocrx_word' id='word_1_68' title='bbox 1359 666 1558 716; x_wconf 82' lang='lat' dir='ltr'>floridum</span> <span class='ocrx_word' id='word_1_69' title='bbox 1589 664 1734 714; x_wconf 71' lang='lat' dir='ltr'>haberi</span> <span class='ocrx_word' id='word_1_70' title='bbox 1749 684 1807 716; x_wconf 83' lang='lat' dir='ltr'>ae-</span> 
     </span>
     <span class='ocr_line' id='line_1_10' title="bbox 329 729 1806 797; baseline 0.001 -17"><span class='ocrx_word' id='word_1_71' title='bbox 329 747 386 780; x_wconf 74' lang='lat' dir='ltr'>vo</span> <span class='ocrx_word' id='word_1_72' title='bbox 405 734 477 779; x_wconf 88' lang='lat' dir='ltr'>suo</span> <span class='ocrx_word' id='word_1_73' title='bbox 491 733 714 784; x_wconf 74' lang='lat' dir='ltr'>exlitorali</span> <span class='ocrx_word' id='word_1_74' title='bbox 733 751 851 785; x_wconf 87' lang='lat' dir='ltr'>arena</span> <span class='ocrx_word' id='word_1_75' title='bbox 871 734 941 783; x_wconf 92' lang='lat' dir='ltr'>sub</span> <span class='ocrx_word' id='word_1_76' title='bbox 970 750 1140 785; x_wconf 80' lang='lat' dir='ltr'>cavatos</span> <span class='ocrx_word' id='word_1_77' title='bbox 1172 738 1315 797; x_wconf 86' lang='lat' dir='ltr'><strong>specus</strong></span> <span class='ocrx_word' id='word_1_78' title='bbox 1331 752 1345 789; x_wconf 92' lang='lat'>;</span> <span class='ocrx_word' id='word_1_79' title='bbox 1379 732 1626 793; x_wconf 72' lang='lat' dir='ltr'>qui-tamen</span> <span class='ocrx_word' id='word_1_80' title='bbox 1642 729 1806 781; x_wconf 82' lang='lat' dir='ltr'>defide-</span> 
     </span>
     <span class='ocr_line' id='line_1_11' title="bbox 335 809 1767 843; baseline -0.001 0"><span class='ocrx_word' id='word_1_81' title='bbox 335 809 467 843; x_wconf 82' lang='lat' dir='ltr'>ratur.</span> <span class='ocrx_word' id='word_1_82' title='bbox 1539 839 1542 842; x_wconf 81' lang='grc'>,</span> <span class='ocrx_word' id='word_1_83' title='bbox 1764 817 1767 820; x_wconf 93' lang='grc'><strong><em>·</em></strong></span> 
     </span>
    </p>

    <p class='ocr_par' dir='ltr' id='par_1_3' title="bbox 336 858 1819 1422">
     <span class='ocr_line' id='line_1_12' title="bbox 399 858 1809 923; baseline 0 -17"><span class='ocrx_word' id='word_1_84' title='bbox 399 859 491 906; x_wconf 89' lang='lat' dir='ltr'>Alii</span> <span class='ocrx_word' id='word_1_85' title='bbox 508 874 679 922; x_wconf 81' lang='lat' dir='ltr'>quoque</span> <span class='ocrx_word' id='word_1_86' title='bbox 693 865 864 911; x_wconf 83' lang='lat' dir='ltr'>colores</span> <span class='ocrx_word' id='word_1_87' title='bbox 893 863 1023 909; x_wconf 85' lang='lat' dir='ltr'>azurri</span> <span class='ocrx_word' id='word_1_88' title='bbox 1053 862 1331 910; x_wconf 83' lang='lat' dir='ltr'>transmarino</span> <span class='ocrx_word' id='word_1_89' title='bbox 1360 858 1593 923; x_wconf 70' lang='lat' dir='ltr'>persimiles</span> <span class='ocrx_word' id='word_1_90' title='bbox 1620 860 1809 907; x_wconf 81' lang='lat' dir='ltr'>constru-</span> 
     </span>
     <span class='ocr_line' id='line_1_13' title="bbox 336 921 1810 987; baseline 0.003 -20"><span class='ocrx_word' id='word_1_91' title='bbox 336 937 464 970; x_wconf 89' lang='lat' dir='ltr'>untur</span> <span class='ocrx_word' id='word_1_92' title='bbox 475 939 579 981; x_wconf 87' lang='lat' dir='ltr'>arte,</span> <span class='ocrx_word' id='word_1_93' title='bbox 594 933 637 974; x_wconf 82' lang='lat'>&amp;</span> <span class='ocrx_word' id='word_1_94' title='bbox 659 926 781 973; x_wconf 90' lang='lat' dir='ltr'>omni</span> <span class='ocrx_word' id='word_1_95' title='bbox 797 925 930 987; x_wconf 90' lang='lat' dir='ltr'>proba</span> <span class='ocrx_word' id='word_1_96' title='bbox 942 927 1181 987; x_wconf 65' lang='lat' dir='ltr'>perfeetum</span> <span class='ocrx_word' id='word_1_97' title='bbox 1195 925 1340 974; x_wconf 85' lang='lat' dir='ltr'>evenit</span> <span class='ocrx_word' id='word_1_98' title='bbox 1360 939 1546 972; x_wconf 87' lang='lat' dir='ltr'>azurrum</span> <span class='ocrx_word' id='word_1_99' title='bbox 1563 937 1615 969; x_wconf 85' lang='lat' dir='ltr'>ex</span> <span class='ocrx_word' id='word_1_100' title='bbox 1635 921 1810 985; x_wconf 86' lang='lat' dir='ltr'>hydrar-</span> 
     </span>
     <span class='ocr_line' id='line_1_14' title="bbox 339 985 1817 1052; baseline 0.003 -20"><span class='ocrx_word' id='word_1_101' title='bbox 339 1000 449 1050; x_wconf 85' lang='lat' dir='ltr'>gyro</span> <span class='ocrx_word' id='word_1_102' title='bbox 464 985 626 1035; x_wconf 81' lang='lat' dir='ltr'>diverlis</span> <span class='ocrx_word' id='word_1_103' title='bbox 663 1003 896 1051; x_wconf 81' lang='lat' dir='ltr'>praeparato</span> <span class='ocrx_word' id='word_1_104' title='bbox 911 1007 959 1036; x_wconf 90' lang='lat' dir='ltr'>cu</span> <span class='ocrx_word' id='word_1_105' title='bbox 962 990 1029 1047; x_wconf 83' lang='lat' dir='ltr'>jus</span> <span class='ocrx_word' id='word_1_106' title='bbox 1047 1004 1200 1036; x_wconf 86' lang='lat' dir='ltr'>norma</span> <span class='ocrx_word' id='word_1_107' title='bbox 1229 988 1438 1052; x_wconf 85' lang='lat' dir='ltr'>plerisque</span> <span class='ocrx_word' id='word_1_108' title='bbox 1462 985 1817 1041; x_wconf 81' lang='lat' dir='ltr'>demonstrabitur</span> 
     </span>
     <span class='ocr_line' id='line_1_15' title="bbox 338 1050 1814 1110; baseline 0.002 -17"><span class='ocrx_word' id='word_1_109' title='bbox 338 1051 549 1110; x_wconf 65' lang='lat' dir='ltr'>exemplis</span> <span class='ocrx_word' id='word_1_110' title='bbox 564 1070 578 1098; x_wconf 73' lang='grc' dir='ltr'><strong><em>ε</em></strong></span> <span class='ocrx_word' id='word_1_111' title='bbox 612 1055 929 1100; x_wconf 84' lang='lat' dir='ltr'>Verumtamen</span> <span class='ocrx_word' id='word_1_112' title='bbox 941 1054 1091 1101; x_wconf 86' lang='lat' dir='ltr'>omnia</span> <span class='ocrx_word' id='word_1_113' title='bbox 1105 1057 1328 1099; x_wconf 80' lang='lat' dir='ltr'>excellunt</span> <span class='ocrx_word' id='word_1_114' title='bbox 1347 1065 1504 1106; x_wconf 88' lang='lat' dir='ltr'>azurra,</span> <span class='ocrx_word' id='word_1_115' title='bbox 1518 1064 1607 1110; x_wconf 84' lang='lat' dir='ltr'>quae</span> <span class='ocrx_word' id='word_1_116' title='bbox 1623 1065 1677 1096; x_wconf 86' lang='lat' dir='ltr'>ex</span> <span class='ocrx_word' id='word_1_117' title='bbox 1690 1050 1814 1099; x_wconf 82' lang='lat' dir='ltr'>Luna</span> 
     </span>
     <span class='ocr_line' id='line_1_16' title="bbox 339 1109 1813 1178; baseline 0.001 -20"><span class='ocrx_word' id='word_1_118' title='bbox 339 1109 466 1171; x_wconf 67' lang='lat' dir='ltr'>fiunt,</span> <span class='ocrx_word' id='word_1_119' title='bbox 500 1131 548 1162; x_wconf 89' lang='lat' dir='ltr'>ac</span> <span class='ocrx_word' id='word_1_120' title='bbox 564 1114 626 1161; x_wconf 84' lang='lat' dir='ltr'>eis</span> <span class='ocrx_word' id='word_1_121' title='bbox 644 1115 774 1178; x_wconf 84' lang='lat' dir='ltr'>magis</span> <span class='ocrx_word' id='word_1_122' title='bbox 787 1131 841 1163; x_wconf 90' lang='lat' dir='ltr'>ex</span> <span class='ocrx_word' id='word_1_123' title='bbox 857 1118 969 1172; x_wconf 61' lang='lat' dir='ltr'>Sole,</span> <span class='ocrx_word' id='word_1_124' title='bbox 1001 1118 1054 1164; x_wconf 84' lang='lat' dir='ltr'>fic</span> <span class='ocrx_word' id='word_1_125' title='bbox 1084 1129 1229 1162; x_wconf 82' lang='lat' dir='ltr'>aurem</span> <span class='ocrx_word' id='word_1_126' title='bbox 1259 1114 1452 1162; x_wconf 87' lang='lat' dir='ltr'>dicuntur</span> <span class='ocrx_word' id='word_1_127' title='bbox 1480 1114 1666 1174; x_wconf 79' lang='lat' dir='ltr'>planetae</span> <span class='ocrx_word' id='word_1_128' title='bbox 1681 1128 1813 1161; x_wconf 85' lang='lat' dir='ltr'>terre-</span> 
     </span>
     <span class='ocr_line' id='line_1_17' title="bbox 341 1175 1814 1241; baseline 0.001 -19"><span class='ocrx_word' id='word_1_129' title='bbox 341 1176 457 1233; x_wconf 79' lang='lat' dir='ltr'>stres,</span> <span class='ocrx_word' id='word_1_130' title='bbox 490 1175 720 1226; x_wconf 81' lang='lat' dir='ltr'>indicantes</span> <span class='ocrx_word' id='word_1_131' title='bbox 736 1180 911 1227; x_wconf 88' lang='lat' dir='ltr'>metalla</span> <span class='ocrx_word' id='word_1_132' title='bbox 927 1180 1076 1235; x_wconf 77' lang='lat' dir='ltr'>auri,&amp;</span> <span class='ocrx_word' id='word_1_133' title='bbox 1094 1179 1274 1241; x_wconf 74' lang='lat' dir='ltr'>argenti,</span> <span class='ocrx_word' id='word_1_134' title='bbox 1292 1185 1376 1229; x_wconf 67' lang='grc' dir='ltr'>δια</span> <span class='ocrx_word' id='word_1_135' title='bbox 1443 1177 1679 1239; x_wconf 77' lang='lat' dir='ltr'>Propterea</span> <span class='ocrx_word' id='word_1_136' title='bbox 1693 1192 1814 1238; x_wconf 86' lang='lat' dir='ltr'>quar-</span> 
     </span>
     <span class='ocr_line' id='line_1_18' title="bbox 342 1239 1817 1308; baseline 0.002 -24"><span class='ocrx_word' id='word_1_137' title='bbox 342 1252 444 1308; x_wconf 80' lang='lat' dir='ltr'>tuor</span> <span class='ocrx_word' id='word_1_138' title='bbox 459 1240 766 1290; x_wconf 77' lang='lat' dir='ltr'>constituuntur</span> <span class='ocrx_word' id='word_1_139' title='bbox 783 1242 930 1304; x_wconf 82' lang='lat' dir='ltr'>gradus</span> <span class='ocrx_word' id='word_1_140' title='bbox 947 1242 1059 1290; x_wconf 83' lang='lat' dir='ltr'>infra</span> <span class='ocrx_word' id='word_1_141' title='bbox 1089 1241 1360 1300; x_wconf 83' lang='lat' dir='ltr'>recense-ndi,</span> <span class='ocrx_word' id='word_1_142' title='bbox 1393 1255 1542 1302; x_wconf 84' lang='lat' dir='ltr'>praerer</span> <span class='ocrx_word' id='word_1_143' title='bbox 1569 1239 1817 1304; x_wconf 75' lang='lat' dir='ltr'>superiores.</span> 
     </span>
     <span class='ocr_line' id='line_1_19' title="bbox 342 1300 1819 1366; baseline -0.001 -16"><span class='ocrx_word' id='word_1_144' title='bbox 342 1300 509 1351; x_wconf 79' lang='lat' dir='ltr'>Primus</span> <span class='ocrx_word' id='word_1_145' title='bbox 524 1319 666 1354; x_wconf 89' lang='lat' dir='ltr'>autem</span> <span class='ocrx_word' id='word_1_146' title='bbox 681 1309 872 1356; x_wconf 84' lang='lat' dir='ltr'>referens</span> <span class='ocrx_word' id='word_1_147' title='bbox 888 1321 1076 1356; x_wconf 81' lang='lat' dir='ltr'>azurrum</span> <span class='ocrx_word' id='word_1_148' title='bbox 1087 1309 1181 1354; x_wconf 85' lang='lat' dir='ltr'>fere</span> <span class='ocrx_word' id='word_1_149' title='bbox 1194 1306 1328 1354; x_wconf 81' lang='lat' dir='ltr'>simile</span> <span class='ocrx_word' id='word_1_150' title='bbox 1344 1301 1618 1353; x_wconf 85' lang='lat' dir='ltr'>ultramarino</span> <span class='ocrx_word' id='word_1_151' title='bbox 1646 1302 1819 1366; x_wconf 84' lang='lat' dir='ltr'>exequi-</span> 
     </span>
     <span class='ocr_line' id='line_1_20' title="bbox 343 1368 1562 1422; baseline 0.005 -10"><span class='ocrx_word' id='word_1_152' title='bbox 343 1379 427 1422; x_wconf 84' lang='lat' dir='ltr'>tur,</span> <span class='ocrx_word' id='word_1_153' title='bbox 454 1383 500 1415; x_wconf 91' lang='lat' dir='ltr'>ut</span> <span class='ocrx_word' id='word_1_154' title='bbox 515 1368 642 1417; x_wconf 78' lang='lat' dir='ltr'>infra.</span> <span class='ocrx_word' id='word_1_155' title='bbox 707 1394 710 1396; x_wconf 97' lang='lat'>·</span> <span class='ocrx_word' id='word_1_156' title='bbox 1195 1385 1197 1387; x_wconf 81' lang='grc'><strong>’</strong></span> <span class='ocrx_word' id='word_1_157' title='bbox 1555 1383 1562 1418; x_wconf 86' lang='grc'>“..</span> 
     </span>
    </p>

    <p class='ocr_par' dir='ltr' id='par_1_4' title="bbox 345 1431 1826 1815">
     <span class='ocr_line' id='line_1_21' title="bbox 406 1431 1821 1498; baseline 0.002 -20"><span class='ocrx_word' id='word_1_158' title='bbox 406 1431 530 1494; x_wconf 84' lang='lat' dir='ltr'>Cape</span> <span class='ocrx_word' id='word_1_159' title='bbox 545 1433 639 1481; x_wconf 84' lang='lat' dir='ltr'>salis</span> <span class='ocrx_word' id='word_1_160' title='bbox 669 1434 941 1492; x_wconf 81' lang='lat' dir='ltr'>ammoniaci,</span> <span class='ocrx_word' id='word_1_161' title='bbox 969 1435 1100 1498; x_wconf 76' lang='lat' dir='ltr'>vulgo</span> <span class='ocrx_word' id='word_1_162' title='bbox 1127 1434 1358 1485; x_wconf 77' lang='lat' dir='ltr'>armeniaci</span> <span class='ocrx_word' id='word_1_163' title='bbox 1371 1433 1513 1482; x_wconf 84' lang='lat' dir='ltr'>unc-ias</span> <span class='ocrx_word' id='word_1_164' title='bbox 1531 1433 1649 1493; x_wconf 61' lang='lat' dir='ltr'>tres,</span> <span class='ocrx_word' id='word_1_165' title='bbox 1682 1432 1821 1482; x_wconf 72' lang='lat' dir='ltr'>viridis</span> 
     </span>
     <span class='ocr_line' id='line_1_22' title="bbox 345 1495 1821 1560; baseline 0.002 -20"><span class='ocrx_word' id='word_1_166' title='bbox 345 1495 437 1542; x_wconf 60' lang='grc' dir='ltr'>κείς</span> <span class='ocrx_word' id='word_1_167' title='bbox 452 1497 591 1546; x_wconf 86' lang='lat' dir='ltr'>uncias</span> <span class='ocrx_word' id='word_1_168' title='bbox 606 1499 675 1544; x_wconf 84' lang='lat' dir='ltr'>sex</span> <span class='ocrx_word' id='word_1_169' title='bbox 689 1500 850 1560; x_wconf 76' lang='lat' dir='ltr'>singula</span> <span class='ocrx_word' id='word_1_170' title='bbox 877 1514 943 1546; x_wconf 86' lang='lat' dir='ltr'>tet</span> <span class='ocrx_word' id='word_1_171' title='bbox 958 1533 973 1556; x_wconf 93' lang='lat'>‚</span> <span class='ocrx_word' id='word_1_172' title='bbox 1003 1515 1108 1546; x_wconf 88' lang='lat' dir='ltr'>mox</span> <span class='ocrx_word' id='word_1_173' title='bbox 1123 1515 1173 1546; x_wconf 84' lang='lat' dir='ltr'>ea</span> <span class='ocrx_word' id='word_1_174' title='bbox 1188 1497 1239 1547; x_wconf 87' lang='lat' dir='ltr'>ad</span> <span class='ocrx_word' id='word_1_175' title='bbox 1267 1498 1452 1547; x_wconf 80' lang='lat' dir='ltr'>invicem</span> <span class='ocrx_word' id='word_1_176' title='bbox 1479 1498 1594 1559; x_wconf 84' lang='lat' dir='ltr'>mole</span> <span class='ocrx_word' id='word_1_177' title='bbox 1610 1513 1704 1544; x_wconf 85' lang='lat' dir='ltr'>cum</span> <span class='ocrx_word' id='word_1_178' title='bbox 1717 1498 1821 1545; x_wconf 88' lang='lat' dir='ltr'>oleo</span> 
     </span>
     <span class='ocr_line' id='line_1_23' title="bbox 350 1558 1822 1623; baseline 0.002 -17"><span class='ocrx_word' id='word_1_179' title='bbox 350 1562 497 1608; x_wconf 84' lang='lat' dir='ltr'>tartari</span> <span class='ocrx_word' id='word_1_180' title='bbox 512 1558 613 1609; x_wconf 85' lang='lat' dir='ltr'>inde</span> <span class='ocrx_word' id='word_1_181' title='bbox 645 1562 807 1623; x_wconf 80' lang='lat' dir='ltr'>aliquot</span> <span class='ocrx_word' id='word_1_182' title='bbox 822 1561 878 1611; x_wconf 85' lang='lat' dir='ltr'>fic</span> <span class='ocrx_word' id='word_1_183' title='bbox 905 1561 1167 1610; x_wconf 81' lang='lat' dir='ltr'>omittantur</span> <span class='ocrx_word' id='word_1_184' title='bbox 1194 1560 1364 1618; x_wconf 72' lang='lat' dir='ltr'>diebus,</span> <span class='ocrx_word' id='word_1_185' title='bbox 1382 1559 1561 1608; x_wconf 84' lang='lat' dir='ltr'>tandem</span> <span class='ocrx_word' id='word_1_186' title='bbox 1588 1559 1743 1608; x_wconf 81' lang='lat' dir='ltr'>invase</span> <span class='ocrx_word' id='word_1_187' title='bbox 1759 1560 1822 1609; x_wconf 81' lang='lat' dir='ltr'>vi-</span> 
     </span>
     <span class='ocr_line' id='line_1_24' title="bbox 349 1624 1821 1688; baseline 0.002 -19"><span class='ocrx_word' id='word_1_188' title='bbox 349 1636 451 1670; x_wconf 91' lang='lat' dir='ltr'>treo</span> <span class='ocrx_word' id='word_1_189' title='bbox 466 1624 681 1686; x_wconf 89' lang='lat' dir='ltr'>perlutato</span> <span class='ocrx_word' id='word_1_190' title='bbox 694 1639 923 1688; x_wconf 81' lang='lat' dir='ltr'>reponatur</span> <span class='ocrx_word' id='word_1_191' title='bbox 949 1627 1062 1687; x_wconf 86' lang='lat' dir='ltr'>pasta</span> <span class='ocrx_word' id='word_1_192' title='bbox 1079 1639 1135 1674; x_wconf 81' lang='lat' dir='ltr'>ex</span> <span class='ocrx_word' id='word_1_193' title='bbox 1168 1624 1457 1688; x_wconf 71' lang='lat' dir='ltr'>suprascriptis</span> <span class='ocrx_word' id='word_1_194' title='bbox 1489 1624 1743 1685; x_wconf 84' lang='lat' dir='ltr'>compofita,</span> <span class='ocrx_word' id='word_1_195' title='bbox 1777 1631 1821 1671; x_wconf 75' lang='grc' dir='ltr'>δε</span> 
     </span>
     <span class='ocr_line' id='line_1_25' title="bbox 349 1685 1826 1751; baseline 0.002 -19"><span class='ocrx_word' id='word_1_196' title='bbox 349 1685 396 1734; x_wconf 87' lang='lat' dir='ltr'>in</span> <span class='ocrx_word' id='word_1_197' title='bbox 411 1693 539 1737; x_wconf 89' lang='lat' dir='ltr'>furno</span> <span class='ocrx_word' id='word_1_198' title='bbox 554 1692 740 1744; x_wconf 87' lang='lat' dir='ltr'>locetur,</span> <span class='ocrx_word' id='word_1_199' title='bbox 770 1691 862 1751; x_wconf 84' lang='lat' dir='ltr'>post</span> <span class='ocrx_word' id='word_1_200' title='bbox 874 1687 1193 1750; x_wconf 67' lang='lat' dir='ltr'>extraffionem</span> <span class='ocrx_word' id='word_1_201' title='bbox 1205 1688 1340 1748; x_wconf 78' lang='lat' dir='ltr'>panis,</span> <span class='ocrx_word' id='word_1_202' title='bbox 1353 1690 1494 1734; x_wconf 84' lang='lat' dir='ltr'>donec</span> <span class='ocrx_word' id='word_1_203' title='bbox 1508 1685 1741 1744; x_wconf 64' lang='lat' dir='ltr'>eximetur,</span> <span class='ocrx_word' id='word_1_204' title='bbox 1769 1685 1826 1736; x_wconf 84' lang='lat' dir='ltr'>ira</span> 
     </span>
     <span class='ocr_line' id='line_1_26' title="bbox 345 1749 1825 1815; baseline -0.001 -16"><span class='ocrx_word' id='word_1_205' title='bbox 345 1750 470 1799; x_wconf 65' lang='lat' dir='ltr'>venim</span> <span class='ocrx_word' id='word_1_206' title='bbox 483 1751 561 1800; x_wconf 82' lang='lat' dir='ltr'>fiet</span> <span class='ocrx_word' id='word_1_207' title='bbox 573 1767 775 1803; x_wconf 61' lang='lat' dir='ltr'>azurtumt</span> <span class='ocrx_word' id='word_1_208' title='bbox 836 1751 926 1799; x_wconf 82' lang='lat' dir='ltr'>Alii</span> <span class='ocrx_word' id='word_1_209' title='bbox 952 1767 1056 1800; x_wconf 78' lang='lat' dir='ltr'>vero</span> <span class='ocrx_word' id='word_1_210' title='bbox 1085 1750 1284 1815; x_wconf 68' lang='lat' dir='ltr'>praedi&amp;a</span> <span class='ocrx_word' id='word_1_211' title='bbox 1300 1750 1532 1799; x_wconf 86' lang='lat' dir='ltr'>materialia</span> <span class='ocrx_word' id='word_1_212' title='bbox 1546 1749 1704 1808; x_wconf 82' lang='lat' dir='ltr'>trita,&amp;</span> <span class='ocrx_word' id='word_1_213' title='bbox 1720 1749 1825 1798; x_wconf 90' lang='lat' dir='ltr'>oleo</span> 
     </span>
    </p>
   </div>
   <div class='ocr_carea' id='block_1_2' title="bbox 351 1813 1919 1879">
    <p class='ocr_par' dir='ltr' id='par_1_5' title="bbox 351 1813 1919 1879">
     <span class='ocr_line' id='line_1_27' title="bbox 351 1813 1919 1879; baseline 0.001 -18"><span class='ocrx_word' id='word_1_214' title='bbox 351 1815 501 1862; x_wconf 86' lang='lat' dir='ltr'>tartari</span> <span class='ocrx_word' id='word_1_215' title='bbox 512 1814 664 1878; x_wconf 74' lang='lat' dir='ltr'>pinsita</span> <span class='ocrx_word' id='word_1_216' title='bbox 679 1816 802 1864; x_wconf 85' lang='lat' dir='ltr'>instar</span> <span class='ocrx_word' id='word_1_217' title='bbox 816 1815 944 1879; x_wconf 75' lang='lat' dir='ltr'>pultis</span> <span class='ocrx_word' id='word_1_218' title='bbox 961 1815 1182 1865; x_wconf 84' lang='lat' dir='ltr'>includunt</span> <span class='ocrx_word' id='word_1_219' title='bbox 1202 1815 1249 1862; x_wconf 88' lang='lat' dir='ltr'>in</span> <span class='ocrx_word' id='word_1_220' title='bbox 1265 1814 1448 1875; x_wconf 84' lang='lat' dir='ltr'>ampulla</span> <span class='ocrx_word' id='word_1_221' title='bbox 1463 1814 1700 1875; x_wconf 58' lang='lat' dir='ltr'>nitrea‚quae</span> <span class='ocrx_word' id='word_1_222' title='bbox 1713 1813 1826 1863; x_wconf 88' lang='lat' dir='ltr'>fimo</span> <span class='ocrx_word' id='word_1_223' title='bbox 1870 1848 1873 1855; x_wconf 80' lang='lat'><em>,</em></span> <span class='ocrx_word' id='word_1_224' title='bbox 1901 1833 1919 1843; x_wconf 51' lang='lat'><em>1</em></span> 
     </span>
    </p>
   </div>
   <div class='ocr_carea' id='block_1_3' title="bbox 338 1876 1831 2622">
    <p class='ocr_par' dir='ltr' id='par_1_6' title="bbox 338 1876 1831 2622">
     <span class='ocr_line' id='line_1_28' title="bbox 352 1876 1827 1943; baseline 0.003 -21"><span class='ocrx_word' id='word_1_225' title='bbox 352 1878 664 1940; x_wconf 80' lang='lat' dir='ltr'>circumsepitur</span> <span class='ocrx_word' id='word_1_226' title='bbox 690 1895 765 1943; x_wconf 88' lang='lat' dir='ltr'>per</span> <span class='ocrx_word' id='word_1_227' title='bbox 778 1879 963 1941; x_wconf 88' lang='lat' dir='ltr'>quinque</span> <span class='ocrx_word' id='word_1_228' title='bbox 995 1878 1100 1937; x_wconf 85' lang='lat' dir='ltr'>dies,</span> <span class='ocrx_word' id='word_1_229' title='bbox 1133 1876 1283 1939; x_wconf 57' lang='lat' dir='ltr'>quibes</span> <span class='ocrx_word' id='word_1_230' title='bbox 1312 1879 1463 1939; x_wconf 83' lang='lat' dir='ltr'>elapfis</span> <span class='ocrx_word' id='word_1_231' title='bbox 1486 1881 1629 1927; x_wconf 86' lang='lat' dir='ltr'>omnia</span> <span class='ocrx_word' id='word_1_232' title='bbox 1646 1880 1692 1928; x_wconf 87' lang='lat' dir='ltr'>in</span> <span class='ocrx_word' id='word_1_233' title='bbox 1708 1893 1827 1926; x_wconf 85' lang='lat' dir='ltr'>azur-</span> 
     </span>
     <span class='ocr_line' id='line_1_29' title="bbox 356 1940 1829 2002; baseline 0.001 -14"><span class='ocrx_word' id='word_1_234' title='bbox 356 1955 450 1989; x_wconf 87' lang='lat' dir='ltr'>rum</span> <span class='ocrx_word' id='word_1_235' title='bbox 461 1942 787 2002; x_wconf 85' lang='lat' dir='ltr'>pulcherrimum</span> <span class='ocrx_word' id='word_1_236' title='bbox 800 1945 910 1993; x_wconf 79' lang='lat' dir='ltr'>versa</span> <span class='ocrx_word' id='word_1_237' title='bbox 925 1957 1071 1990; x_wconf 82' lang='lat' dir='ltr'>erunt.</span> <span class='ocrx_word' id='word_1_238' title='bbox 1134 1940 1269 1989; x_wconf 77' lang='lat' dir='ltr'>Aliud</span> <span class='ocrx_word' id='word_1_239' title='bbox 1285 1941 1417 1989; x_wconf 84' lang='lat' dir='ltr'>firnile</span> <span class='ocrx_word' id='word_1_240' title='bbox 1432 1956 1639 1998; x_wconf 65' lang='lat' dir='ltr'>azntrrum,</span> <span class='ocrx_word' id='word_1_241' title='bbox 1665 1957 1713 1990; x_wconf 91' lang='lat' dir='ltr'>ac</span> <span class='ocrx_word' id='word_1_242' title='bbox 1735 1957 1829 1991; x_wconf 87' lang='lat' dir='ltr'>me-</span> 
     </span>
     <span class='ocr_line' id='line_1_30' title="bbox 353 2002 1827 2067; baseline 0.003 -18"><span class='ocrx_word' id='word_1_243' title='bbox 353 2002 501 2053; x_wconf 90' lang='lat' dir='ltr'>diocre</span> <span class='ocrx_word' id='word_1_244' title='bbox 514 2004 692 2054; x_wconf 77' lang='lat' dir='ltr'>habetur</span> <span class='ocrx_word' id='word_1_245' title='bbox 704 2021 757 2054; x_wconf 77' lang='lat' dir='ltr'>ex</span> <span class='ocrx_word' id='word_1_246' title='bbox 774 2012 844 2055; x_wconf 86' lang='lat' dir='ltr'>usu</span> <span class='ocrx_word' id='word_1_247' title='bbox 873 2007 1097 2054; x_wconf 78' lang='lat' dir='ltr'>Turonico</span> <span class='ocrx_word' id='word_1_248' title='bbox 1112 2037 1129 2062; x_wconf 90' lang='lat'><strong>,</strong></span> <span class='ocrx_word' id='word_1_249' title='bbox 1160 2020 1247 2067; x_wconf 80' lang='lat' dir='ltr'>quo</span> <span class='ocrx_word' id='word_1_250' title='bbox 1259 2007 1459 2067; x_wconf 82' lang='lat' dir='ltr'>equidem</span> <span class='ocrx_word' id='word_1_251' title='bbox 1475 2004 1649 2053; x_wconf 80' lang='lat' dir='ltr'>divitem</span> <span class='ocrx_word' id='word_1_252' title='bbox 1665 2005 1827 2053; x_wconf 64' lang='lat' dir='ltr'>fafium</span> 
     </span>
     <span class='ocr_line' id='line_1_31' title="bbox 357 2065 1827 2131; baseline 0.001 -17"><span class='ocrx_word' id='word_1_253' title='bbox 357 2065 442 2116; x_wconf 79' lang='lat' dir='ltr'>effe</span> <span class='ocrx_word' id='word_1_254' title='bbox 457 2070 614 2130; x_wconf 80' lang='lat' dir='ltr'>agnovi</span> <span class='ocrx_word' id='word_1_255' title='bbox 629 2069 730 2118; x_wconf 81' lang='lat' dir='ltr'>alias</span> <span class='ocrx_word' id='word_1_256' title='bbox 743 2082 1030 2119; x_wconf 80' lang='lat' dir='ltr'>mercatorem</span> <span class='ocrx_word' id='word_1_257' title='bbox 1045 2068 1212 2131; x_wconf 86' lang='lat' dir='ltr'>(Patria</span> <span class='ocrx_word' id='word_1_258' title='bbox 1229 2070 1603 2131; x_wconf 77' lang='lat' dir='ltr'>Veronensem)&amp;</span> <span class='ocrx_word' id='word_1_259' title='bbox 1620 2069 1827 2117; x_wconf 82' lang='lat' dir='ltr'>honestis-</span> 
     </span>
     <span class='ocr_line' id='line_1_32' title="bbox 359 2131 1827 2193; baseline 0.001 -16"><span class='ocrx_word' id='word_1_260' title='bbox 359 2131 508 2180; x_wconf 81' lang='lat' dir='ltr'>fimum</span> <span class='ocrx_word' id='word_1_261' title='bbox 521 2132 671 2191; x_wconf 83' lang='lat' dir='ltr'>virum,</span> <span class='ocrx_word' id='word_1_262' title='bbox 704 2135 824 2193; x_wconf 81' lang='lat' dir='ltr'>cujus</span> <span class='ocrx_word' id='word_1_263' title='bbox 839 2133 990 2182; x_wconf 83' lang='lat' dir='ltr'>modus</span> <span class='ocrx_word' id='word_1_264' title='bbox 1003 2138 1063 2180; x_wconf 84' lang='lat' dir='ltr'>est</span> <span class='ocrx_word' id='word_1_265' title='bbox 1081 2154 1095 2191; x_wconf 85' lang='lat'>3</span> <span class='ocrx_word' id='word_1_266' title='bbox 1122 2131 1332 2181; x_wconf 75' lang='lat' dir='ltr'>alemb³c0</span> <span class='ocrx_word' id='word_1_267' title='bbox 1345 2131 1542 2180; x_wconf 76' lang='lat' dir='ltr'>distillare</span> <span class='ocrx_word' id='word_1_268' title='bbox 1557 2147 1707 2193; x_wconf 88' lang='lat' dir='ltr'>aquam</span> <span class='ocrx_word' id='word_1_269' title='bbox 1722 2146 1827 2180; x_wconf 87' lang='lat' dir='ltr'>ero-</span> 
     </span>
     <span class='ocr_line' id='line_1_33' title="bbox 360 2195 1824 2255; baseline 0 -13"><span class='ocrx_word' id='word_1_270' title='bbox 360 2195 539 2243; x_wconf 86' lang='lat' dir='ltr'>dentem</span> <span class='ocrx_word' id='word_1_271' title='bbox 556 2211 610 2244; x_wconf 87' lang='lat' dir='ltr'>ex</span> <span class='ocrx_word' id='word_1_272' title='bbox 624 2197 726 2245; x_wconf 87' lang='lat' dir='ltr'>libra</span> <span class='ocrx_word' id='word_1_273' title='bbox 738 2202 820 2247; x_wconf 83' lang='lat' dir='ltr'>una</span> <span class='ocrx_word' id='word_1_274' title='bbox 834 2197 1009 2255; x_wconf 77' lang='lat' dir='ltr'>vitrioli,</span> <span class='ocrx_word' id='word_1_275' title='bbox 1044 2202 1086 2243; x_wconf 71' lang='grc' dir='ltr'>δι</span> <span class='ocrx_word' id='word_1_276' title='bbox 1117 2195 1221 2244; x_wconf 87' lang='lat' dir='ltr'>libra</span> <span class='ocrx_word' id='word_1_277' title='bbox 1235 2195 1374 2243; x_wconf 90' lang='lat' dir='ltr'>media</span> <span class='ocrx_word' id='word_1_278' title='bbox 1388 2196 1482 2244; x_wconf 84' lang='lat' dir='ltr'>salis</span> <span class='ocrx_word' id='word_1_279' title='bbox 1508 2196 1614 2242; x_wconf 85' lang='lat' dir='ltr'>nitri</span> <span class='ocrx_word' id='word_1_280' title='bbox 1628 2210 1728 2243; x_wconf 86' lang='lat' dir='ltr'>curn</span> <span class='ocrx_word' id='word_1_281' title='bbox 1745 2195 1824 2242; x_wconf 86' lang='lat' dir='ltr'>tri-</span> 
     </span>
     <span class='ocr_line' id='line_1_34' title="bbox 361 2257 1830 2324; baseline 0 -20"><span class='ocrx_word' id='word_1_282' title='bbox 361 2257 435 2306; x_wconf 90' lang='lat' dir='ltr'>bus</span> <span class='ocrx_word' id='word_1_283' title='bbox 449 2258 581 2307; x_wconf 83' lang='lat' dir='ltr'>unciis</span> <span class='ocrx_word' id='word_1_284' title='bbox 594 2259 779 2324; x_wconf 73' lang='lat' dir='ltr'>dnaprii,</span> <span class='ocrx_word' id='word_1_285' title='bbox 808 2262 894 2309; x_wconf 76' lang='lat' dir='ltr'>haec</span> <span class='ocrx_word' id='word_1_286' title='bbox 920 2275 1025 2321; x_wconf 86' lang='lat' dir='ltr'>aqua</span> <span class='ocrx_word' id='word_1_287' title='bbox 1052 2258 1298 2308; x_wconf 78' lang='lat' dir='ltr'>distillatiria</span> <span class='ocrx_word' id='word_1_288' title='bbox 1315 2258 1439 2308; x_wconf 86' lang='lat' dir='ltr'>soluit</span> <span class='ocrx_word' id='word_1_289' title='bbox 1471 2257 1617 2306; x_wconf 71' lang='lat' dir='ltr'>omnia</span> <span class='ocrx_word' id='word_1_290' title='bbox 1626 2259 1797 2306; x_wconf 84' lang='lat' dir='ltr'>metalla</span> <span class='ocrx_word' id='word_1_291' title='bbox 1815 2281 1830 2316; x_wconf 84' lang='lat'>3</span> 
     </span>
     <span class='ocr_line' id='line_1_35' title="bbox 360 2321 1827 2388; baseline -0.001 -18"><span class='ocrx_word' id='word_1_292' title='bbox 360 2337 563 2386; x_wconf 66' lang='lat' dir='ltr'>praeterea</span> <span class='ocrx_word' id='word_1_293' title='bbox 577 2323 606 2369; x_wconf 85' lang='lat' dir='ltr'>fi</span> <span class='ocrx_word' id='word_1_294' title='bbox 622 2341 718 2373; x_wconf 91' lang='lat' dir='ltr'>cum</span> <span class='ocrx_word' id='word_1_295' title='bbox 734 2326 818 2388; x_wconf 87' lang='lat' dir='ltr'>ipsa</span> <span class='ocrx_word' id='word_1_296' title='bbox 833 2323 1030 2373; x_wconf 85' lang='lat' dir='ltr'>madefiat</span> <span class='ocrx_word' id='word_1_297' title='bbox 1047 2327 1162 2371; x_wconf 83' lang='lat' dir='ltr'>frons</span> <span class='ocrx_word' id='word_1_298' title='bbox 1176 2323 1276 2384; x_wconf 87' lang='lat' dir='ltr'>equi</span> <span class='ocrx_word' id='word_1_299' title='bbox 1304 2322 1420 2370; x_wconf 86' lang='lat' dir='ltr'>illico</span> <span class='ocrx_word' id='word_1_300' title='bbox 1444 2321 1528 2385; x_wconf 25' lang='lat' dir='ltr'>‚pili</span> <span class='ocrx_word' id='word_1_301' title='bbox 1547 2322 1729 2370; x_wconf 79' lang='lat' dir='ltr'>evadent</span> <span class='ocrx_word' id='word_1_302' title='bbox 1746 2322 1827 2371; x_wconf 87' lang='lat' dir='ltr'>albi</span> 
     </span>
     <span class='ocr_line' id='line_1_36' title="bbox 363 2384 1831 2448; baseline 0.001 -17"><span class='ocrx_word' id='word_1_303' title='bbox 363 2400 520 2433; x_wconf 88' lang='lat' dir='ltr'>omnes</span> <span class='ocrx_word' id='word_1_304' title='bbox 534 2387 815 2448; x_wconf 80' lang='lat' dir='ltr'>cujuscunque</span> <span class='ocrx_word' id='word_1_305' title='bbox 831 2388 1006 2443; x_wconf 62' lang='lat' dir='ltr'>colom,</span> <span class='ocrx_word' id='word_1_306' title='bbox 1038 2385 1108 2433; x_wconf 89' lang='lat' dir='ltr'>sed</span> <span class='ocrx_word' id='word_1_307' title='bbox 1121 2386 1338 2434; x_wconf 84' lang='lat' dir='ltr'>redeamus</span> <span class='ocrx_word' id='word_1_308' title='bbox 1366 2384 1416 2431; x_wconf 83' lang='lat' dir='ltr'>ad</span> <span class='ocrx_word' id='word_1_309' title='bbox 1433 2401 1524 2437; x_wconf 84' lang='lat' dir='ltr'>rem</span> <span class='ocrx_word' id='word_1_310' title='bbox 1540 2385 1769 2446; x_wconf 81' lang='lat' dir='ltr'>inceptam,</span> <span class='ocrx_word' id='word_1_311' title='bbox 1782 2386 1831 2433; x_wconf 83' lang='lat' dir='ltr'>in</span> 
     </span>
     <span class='ocr_line' id='line_1_37' title="bbox 364 2447 1829 2513; baseline 0.001 -18"><span class='ocrx_word' id='word_1_312' title='bbox 364 2449 492 2510; x_wconf 82' lang='lat' dir='ltr'>ipsam</span> <span class='ocrx_word' id='word_1_313' title='bbox 504 2452 654 2511; x_wconf 81' lang='lat' dir='ltr'>aquam</span> <span class='ocrx_word' id='word_1_314' title='bbox 681 2450 921 2501; x_wconf 77' lang='lat' dir='ltr'>finiatitiam</span> <span class='ocrx_word' id='word_1_315' title='bbox 934 2464 1131 2513; x_wconf 84' lang='lat' dir='ltr'>mergunt</span> <span class='ocrx_word' id='word_1_316' title='bbox 1145 2465 1217 2506; x_wconf 68' lang='grc' dir='ltr'>κε,</span> <span class='ocrx_word' id='word_1_317' title='bbox 1241 2467 1311 2499; x_wconf 88' lang='lat' dir='ltr'>aut</span> <span class='ocrx_word' id='word_1_318' title='bbox 1323 2447 1585 2505; x_wconf 81' lang='lat' dir='ltr'>auricalcum,</span> <span class='ocrx_word' id='word_1_319' title='bbox 1601 2454 1646 2494; x_wconf 84' lang='lat' dir='ltr'>ut</span> <span class='ocrx_word' id='word_1_320' title='bbox 1663 2450 1829 2496; x_wconf 77' lang='lat' dir='ltr'>solvan-</span> 
     </span>
     <span class='ocr_line' id='line_1_38' title="bbox 338 2511 1827 2622; baseline -0.003 -58"><span class='ocrx_word' id='word_1_321' title='bbox 338 2515 460 2583; x_wconf 47' lang='lat' dir='ltr'>stur,</span> <span class='ocrx_word' id='word_1_322' title='bbox 492 2513 611 2563; x_wconf 84' lang='lat' dir='ltr'>inde</span> <span class='ocrx_word' id='word_1_323' title='bbox 634 2515 799 2565; x_wconf 81' lang='lat' dir='ltr'>additur</span> <span class='ocrx_word' id='word_1_324' title='bbox 825 2517 1029 2566; x_wconf 83' lang='lat' dir='ltr'>stamnum</span> <span class='ocrx_word' id='word_1_325' title='bbox 1068 2512 1326 2564; x_wconf 84' lang='lat' dir='ltr'>calcinatum</span> <span class='ocrx_word' id='word_1_326' title='bbox 1352 2516 1481 2574; x_wconf 83' lang='lat' dir='ltr'>usque</span> <span class='ocrx_word' id='word_1_327' title='bbox 1509 2511 1563 2563; x_wconf 77' lang='lat' dir='ltr'>ad</span> <span class='ocrx_word' id='word_1_328' title='bbox 1590 2511 1827 2622; x_wconf 51' lang='lat' dir='ltr'>perfeffbagn</span> 
     </span>
    </p>
   </div>
   <div class='ocr_carea' id='block_1_4' title="bbox 1523 2666 1547 2695">
    <p class='ocr_par' dir='ltr' id='par_1_7' title="bbox 1523 2666 1547 2695">
     <span class='ocr_line' id='line_1_39' title="bbox 1523 2666 1547 2695; baseline 0 0"><span class='ocrx_word' id='word_1_329' title='bbox 1523 2666 1547 2695; x_wconf 68' lang='lat'>0</span> 
     </span>
    </p>
   </div>
  </div>
 </body>
</html>
