1967 2833
586 109 589 114 “
616 131 618 135 ,
682 111 685 114 “
982 115 996 132 ο
1071 117 1084 132 ο
1117 111 1132 129 'v
1169 120 1182 134 ο
1540 145 1543 147 -
1588 145 1593 153 ἱ

556 120 643 197 de
665 113 867 200 Oleo
889 110 1207 200 Vltrloh.
1477 149 1598 239 503

153 250 336 301 molibat
354 250 503 313 ipsum,
535 247 766 311 idemaq-ua
779 250 999 298 communi
1015 249 1169 299 fervida
1187 248 1422 312 mergebat,
1456 270 1502 302 ut
1528 269 1597 302 ca·

152 315 448 365 daveristsalern
464 312 715 368 extraheret,
747 313 791 359 in
805 329 952 373 aquam
970 314 1086 360 enim
1103 318 1282 365 mersum
1315 315 1488 363 solvitur
1520 311 1594 367 us’ti

150 377 338 442 corporis
357 377 424 432 sal,
457 391 581 438 quare
614 391 657 422 ut
689 379 916 437 separetur,
933 375 1105 438 expedit
1118 391 1266 438 aquam
1296 378 1378 424 sale
1394 381 1597 441 prae‘die'm

152 440 355 489 imbutam
372 442 584 501 segregare
597 441 622 485 ὲ
640 439 777 500 capite
793 454 969 487 mortuo
986 447 1028 488 &
1049 441 1154 497 ufl0,
1181 438 1279 487 inde
1292 456 1386 489 eam
1401 441 1516 490 filtro
1528 459 1598 492 ter

151 503 301 552 saltem
318 504 512 550 extillare
528 505 699 550 demum
716 502 872 549 matula
898 503 1024 551 vitrea
1052 500 1281 561 affnndere,
1313 519 1359 551 ac
1374 504 1475 565 igne
1504 508 1595 556 leni

150 567 396 628 congelare,
427 567 585 613 namin
601 567 724 613 salem
742 563 981 613 albiffimuzn
995 569 1253 613 concrescet.

211 630 420 677 Praeterea
449 628 637 691 praediffi
664 628 755 674 salis
787 629 930 675 uncias
946 626 1067 674 binas
1082 629 1234 676 molire
1251 629 1439 692 expedit,
1469 646 1593 692 quam

149 691 382 740 tenuiffime
393 690 651 753 idipsumque
667 692 847 752 ampulla
863 692 996 739 vitrea
1028 689 1274 749 immittere,
1304 709 1407 742 mox
1422 708 1607 758 quoque·

150 756 381 815 supereum
396 758 610 817 aspergere
644 770 790 816 aquam
806 753 1031 815 gloriosam
1047 755 1133 812 jam
1162 759 1276 816 supra
1306 762 1520 815 servatam,
1548 771 1594 805 ut

150 816 288 878 digito
300 833 385 865 uno
400 831 569 864 tantum
583 816 865 878 supermineat
879 817 1080 866 evitando
1110 818 1360 881 superfluum
1377 836 1432 867 ne
1447 836 1594 882 pereat

151 894 258 940 opus
280 900 290 926 ε
322 880 490 928 demum
505 880 611 927 fimo
626 880 761 928 calido
778 877 985 928 inferebat
1001 882 1240 942 ampullam,
1258 899 1303 930 ac
1317 882 1594 947 circunsepie-

154 941 225 988 bat
241 958 386 1004 praeter
399 958 450 990 os
466 942 587 1005 ipsius
604 944 814 1003 ampullae,
847 943 963 1004 quod
981 946 1094 1006 supra
1108 944 1256 992 fimum
1271 946 1455 993 eminere
1483 963 1593 994 con-

150 1004 363 1061 stituebat,
394 1007 530 1053 clauso
543 1021 687 1054 tamen
698 1021 777 1053 ore
788 1007 910 1067 ipsius
928 1007 1120 1066 ampullae
1134 1023 1225 1053 cum
1243 1008 1525 1064 antinororio,
1545 1017 1591 1059 δε

148 1068 307 1128 glutine
323 1070 346 1116 ὲ
360 1069 490 1116 farina
507 1069 670 1118 volatili
684 1072 813 1124 calce,
845 1075 888 1118 ec
907 1067 1118 1117 albumine
1138 1070 1223 1126 ovi,
1249 1070 1393 1134 ibique
1412 1071 1591 1119 offiduo

148 1120 366 1193 cfflfistere
380 1131 632 1188 dimittebat,
665 1132 747 1179 hoc
769 1130 887 1179 enirn
914 1131 1101 1180 termino
1128 1136 1371 1181 consuetum
1404 1138 1463 1182 est
1489 1135 1591 1185 solvi

146 1193 278 1242 salem
290 1193 334 1243 in
351 1209 513 1254 aquam,
545 1194 700 1243 idcirco
719 1195 863 1258 elapso
875 1194 968 1256 ipso
985 1210 1181 1255 tempore
1209 1196 1447 1247 extollebat
1474 1214 1540 1246 vas
1567 1198 1592 1243 ὲ

148 1257 272 1315 fimo,
309 1266 350 1308 δι
371 1258 579 1306 inclinato
591 1257 688 1307 vafis
701 1273 776 1305 ore
791 1257 941 1306 senfim
972 1256 1236 1316 effundebat,
1262 1260 1376 1320 quod
1407 1261 1591 1308 solutum

148 1334 238 1367 erar
255 1319 299 1365 in
315 1324 485 1368 alteram
501 1321 738 1381 ampullam,
766 1328 808 1369 &
826 1321 870 1366 in
887 1321 1011 1381 ipsam
1038 1337 1153 1382 :tque
1182 1323 1358 1371 clausam
1387 1323 1592 1371 custodie-

150 1398 218 1430 tur
235 1381 385 1444 liquor,
407 1397 552 1445 praeter
569 1383 683 1446 quod
700 1398 751 1430 ex
764 1386 806 1430 se
820 1382 1151 1433 commutabitur
1167 1384 1212 1430 in
1232 1386 1398 1447 lapillos
1414 1401 1492 1447 pro
1508 1388 1591 1445 usu,

148 1459 197 1492 ut
211 1446 332 1492 infra.
541 1446 545 1448 ’

209 1510 360 1557 Rursus
375 1523 476 1558 vero
492 1512 609 1572 super
623 1507 820 1557 residuum
838 1509 927 1558 salis
952 1525 1045 1558 non
1065 1509 1190 1556 soluti
1215 1524 1372 1560 novam
1402 1511 1592 1568 affunde-f

144 1569 219 1619 bat
250 1587 398 1632 aquam
423 1573 660 1634 gloriosam,
699 1580 740 1622 &
770 1572 1040 1622 benedie'tam
1059 1589 1262 1636 quantum
1280 1578 1587 1636 superemineat

146 1633 287 1694 digito
300 1651 405 1693 uno,
438 1635 536 1683 inde
549 1637 671 1684 teeto
687 1637 903 1697 clausoque
919 1652 992 1684 ore
1006 1638 1109 1685 vafis
1134 1637 1269 1694 vitrei,
1301 1653 1346 1683 ut
1375 1641 1490 1699 supra
1521 1641 1590 1685 lo-

146 1695 264 1744 cabat
279 1698 388 1746 fimo
404 1699 610 1745 offiduo:
639 1698 788 1761 quibus
805 1700 908 1747 aeris
935 1698 1165 1761 detegebat
1193 1717 1276 1756 vas,
1310 1709 1352 1750 &
1388 1701 1590 1750 reclinato

144 1774 223 1806 ore
238 1759 330 1817 ejus
346 1759 609 1818 effundebat,
640 1761 752 1823 quod
770 1761 949 1810 solutum
963 1777 1055 1811 erat
1084 1762 1129 1810 in
1144 1762 1265 1810 aliam
1282 1763 1525 1825 ampullam,
1544 1770 1585 1810 δε

143 1837 222 1885 per
239 1825 278 1868 se
295 1822 614 1873 custodiendum
632 1823 967 1873 transfundebat.

147 1894 150 1895 ’
207 1885 417 1943 Tandem,
448 1887 561 1950 quod
575 1888 757 1937 insolutu
775 1904 800 1933 n
817 1902 936 1935 retro
953 1892 1243 1944 mans-eritsseu
1257 1888 1415 1936 nullius
1433 1888 1589 1937 valoris

143 1947 383 2009 abjiciebat,
416 1966 484 1998 aut
501 1948 729 2007 exiccabat‚
764 1968 809 1998 ac
822 1951 992 1999 demum
1009 1951 1104 2011 igne
1119 1951 1321 2008 vlidiori,
1354 1949 1587 2014 quamlibet

144 2010 385 2059 absumebat
404 2013 706 2070 humiditatem,
724 2013 828 2062 Inde
844 2014 873 2059 si
892 2014 990 2074 quid
1007 2015 1187 2074 pulveris
1203 2013 1400 2063 refidiffit
1418 2013 1588 2078 ponde·

147 2072 266 2121 rabat
283 2077 395 2124 nulla
410 2076 484 2122 alia
502 2080 594 2125 sane
609 2076 661 2122 de
678 2080 789 2125 causa
806 2093 1089 2139 praeterquam,
1119 2093 1163 2125 ut
1176 2079 1295 2126 sciret
1327 2079 1378 2126 ad
1407 2093 1588 2140 unguem

145 2151 349 2198 quantum
361 2139 596 2197 lapillorum
612 2143 787 2187 solutum
802 2139 956 2188 suissetv

206 2202 282 2247 Ne
299 2216 374 2262 per
399 2201 533 2250 inania
561 2201 697 2251 nubila
716 2202 946 2261 subeamus,
976 2203 1124 2266 aequali
1151 2204 1271 2252 lance
1304 2202 1478 2251 librettr
1507 2205 1586 2252 sta-

146 2275 285 2311 tutum
300 2279 421 2326 opuS,
457 2273 498 2314 &
515 2264 588 2312 ubi
603 2265 767 2313 desierit
788 2270 859 2322 sal,
890 2267 960 2328 qui
994 2267 1094 2315 solvi
1108 2266 1317 2326 nequierit
1345 2267 1584 2321 insolutum,

144 2323 364 2383 abjiciebat
378 2323 517 2375 bonus
533 2332 668 2387 seneX,
699 2338 741 2379 &
759 2330 975 2392 supplebat
1006 2346 1120 2378 novo
1150 2331 1247 2385 sale,
1276 2330 1358 2376 hoc
1372 2331 1487 2377 enim
1516 2328 1586 2376 or-

140 2387 240 2435 dine
259 2391 417 2438 servato
429 2389 613 2453 aequ-:bat
627 2392 757 2439 dofim
773 2395 1050 2456 propositam,
1081 2392 1171 2441 vice
1187 2393 1425 2441 deficientis
1458 2393 1584 2454 igitur
1599 2403 1606 2406 “

144 2451 330 2498 totidem
358 2453 447 2500 salis
476 2454 573 2502 novi
591 2455 816 2515 ingerebat
830 2455 874 2502 in
892 2458 1090 2504 matulam
1121 2456 1306 2514 vitream,
1341 2458 1518 2519 &super
1538 2470 1582 2500 a·

140 2512 358 2584 spergebat
370 2531 515 2576 aquam
528 2517 1070 2579 gloriosam,quantitate,&
1085 2517 1236 2569 ordine
1242 2534 1304 2577 >ut
1320 2521 1435 2580 supra
1451 2531 1583 2577 ενφοΒ

139 2575 260 2626 smum
274 2581 354 2625 fuit
366 2578 422 2627 de
432 2580 563 2642 prima
578 2582 785 2632 solutione
800 2581 908 2631 saliso
924 2616 929 2620 a
1126 2584 1131 2585 ⁷
1471 2582 1587 2628 Cum
1603 2613 1608 2615 -
