1967 2833
692 111 698 117 ,
895 111 900 114 .
1084 97 1098 114 ο
1187 111 1214 122 Δ,
1272 101 1287 116 ο
1356 120 1366 126 ὲ
1508 124 1510 126 ¹

386 98 467 180 de
488 95 923 180 Ati-amento
949 97 1360 211 Scriptorlo.
1542 109 1672 195 285

228 240 393 288 aquam,
425 240 470 274 ut
488 223 618 272 moris
632 225 708 279 est,
727 231 770 274 δε
786 221 936 270 eadem
955 223 1141 272 scribunt
1155 225 1297 275 literas
1315 240 1383 273 aut
1402 228 1675 277 madefaciunt

227 292 457 349 visamque
467 285 635 349 specilla
649 300 696 334 ut
709 285 1008 346 resplendeant
1025 288 1169 335 noetu.

286 349 511 412 Reliquum
524 350 584 394 est
596 348 806 410 explicare
830 346 1008 396 modum
1037 365 1126 411 quo
1157 346 1379 399 scribantur
1408 350 1536 400 literae
1569 350 1676 398 adeo

230 413 468 474 implicatae,
498 426 542 457 ut
557 409 745 472 intelligi
758 426 853 458 non
869 410 1046 472 poffinr‚
1067 412 1152 458 haec
1162 415 1255 459 sunt
1270 413 1315 460 in
1329 417 1553 475 conspectu
1574 430 1676 476 pro-

229 490 276 522 ut
294 474 382 521 aliae
403 473 533 520 literae
551 488 695 521 verum
715 472 1049 535 distingui‘nulio
1065 474 1200 521 modo
1213 473 1383 536 possunt
1400 492 1675 538 praeterquam

226 541 430 599 speculo-3
464 535 567 582 ideo
580 550 626 581 ut
651 538 952 597 consequamur
965 537 1048 582 hoc
1063 557 1078 592 3
1110 536 1342 598 primitium
1353 538 1408 584 fic
1422 555 1676 601 praeparetur

229 600 381 648 folium
394 598 542 645 chartae
558 597 676 654 cujus
687 597 814 646 facies
832 599 970 658 prima
986 612 1082 645 atro
1095 597 1281 648 carbone
1307 603 1568 649 confricetur
1593 602 1678 650 do·

227 679 311 710 nec
325 674 423 708 tora
438 660 670 715 inficiatur,
690 674 790 707 mox
806 658 917 707 binis
934 660 1026 710 olei
1037 661 1172 719 guttis
1188 676 1281 708 tota
1297 662 1371 710 illa
1385 664 1511 711 facies
1524 663 1675 711 chartae

227 725 390 773 inscita
399 721 629 779 refricetur,
657 737 704 769 ut
719 723 789 771 vix
807 721 934 784 linita
949 722 1141 771 videatur
1158 725 1344 773 tenuiter
1367 728 1512 772 saltem
1529 747 1541 774 :
1573 727 1676 774 hinc

228 787 368 836 statim
380 785 409 831 fi
424 783 547 833 alicui
559 782 720 833 absenti
732 784 958 846 epistolam
971 785 1147 834 mittete
1160 787 1356 844 volueriS,
1383 789 1551 850 ipsaque
1567 806 1677 837 con—

229 850 367 897 tineat
381 847 636 911 script-afluat
650 847 714 896 uti
724 862 874 896 arcana
890 845 943 895 ab
957 847 1042 895 alio
1059 847 1244 911 intelligi
1256 851 1371 897 nolis
1397 866 1676 914 praeterquam

227 910 283 960 ab
295 912 434 960 amico
448 909 619 958 conscio
636 909 756 958 modi
766 907 992 968 scribendi,
1017 912 1358 974 operae-pretium
1370 918 1445 971 est,
1455 929 1522 985 ‘ut
1536 929 1677 976 ponas

227 975 356 1025 aliam
368 974 567 1036 paginam
581 987 734 1023 novam
748 972 967 1032 mundam,
985 979 1027 1020 &
1048 972 1186 1022 albam
1197 978 1314 1037 super
1327 977 1532 1026 infeecam
1546 992 1676 1040 quam

228 1035 460 1102 praeparasti
473 1050 576 1083 mox
586 1034 697 1084 stillo
712 1036 882 1098 ligneo,
913 1036 980 1085 vel
997 1034 1116 1084 osseo
1127 1052 1217 1086 non
1234 1043 1421 1089 multum
1436 1054 1581 1098 acut0,
1598 1054 1678 1089 ne-

227 1116 308 1162 que
324 1098 498 1152 obtuse,
534 1097 605 1143 sed
620 1097 767 1144 medio
782 1099 914 1146 modo
927 1098 1137 1155 existenti,
1164 1114 1233 1145 aut
1246 1117 1318 1147 acu
1345 1101 1535 1150 eburnea
1563 1103 1678 1149 illius

226 1161 414 1222 generis,
445 1172 533 1221 quo
563 1174 736 1207 utuntur
766 1161 966 1209 mulieres
994 1160 1153 1221 plebeae
1182 1161 1231 1208 ad
1249 1163 1502 1211 sustinendas
1516 1181 1676 1222 comas,

228 1225 445 1271 lineentur
459 1223 674 1283 literaeque
686 1221 912 1272 scribantur
927 1224 1082 1283 absque
1098 1224 1192 1271 ullo
1204 1227 1451 1287 pigmento,
1484 1241 1555 1274 aut
1586 1228 1675 1278 En-

226 1289 383 1342 caust0,
413 1283 480 1333 sed
499 1283 692 1333 duntaxat
711 1286 837 1347 stylo,
854 1284 1213 1347 quemadmodum
1228 1299 1393 1336 veteres
1409 1290 1549 1337 Graeci
1566 1306 1676 1338 con-

228 1352 416 1403 suevere,
449 1346 726 1409 quamobrem
739 1347 814 1409 ipsi
827 1347 1045 1397 utebantur
1059 1350 1170 1410 stylo
1183 1352 1338 1408 ferre0‚
1349 1367 1426 1414 pro
1456 1350 1678 1400 scribendo

227 1411 274 1458 in
292 1410 444 1459 tabulis
461 1409 592 1458 cereis
608 1425 738 1472 quem
753 1411 1021 1474 appellarunt
1048 1413 1233 1475 γμφίον,
1261 1428 1340 1462 nos
1368 1429 1471 1463 vero
1486 1412 1681 1463 observa-

228 1473 386 1531 bimus,
416 1472 532 1534 quod
554 1475 669 1534 supra
685 1476 882 1521 statutum
897 1476 974 1530 est,
1005 1489 1106 1521 mox
1124 1476 1307 1525 tollatur*
1332 1477 1550 1539 separetur
1576 1478 1681 1525 foli-

225 1553 295 1584 um
314 1535 497 1601 epistolae
514 1535 670 1599 scriptae
685 1537 712 1582 ὸ,
734 1535 882 1599 'pagina
905 1535 1077 1594 infecta,
1110 1537 1282 1586 demum
1311 1541 1337 1586 ὲ
1363 1554 1507 1602 terg0,
1537 1540 1580 1587 id
1606 1544 1680 1598 est,

226 1599 275 1646 in
287 1598 484 1662 opposita
496 1612 634 1660 parte,
663 1599 743 1649 five
759 1599 947 1648 dicamus
965 1599 1072 1648 facie
1089 1599 1213 1663 ipfius
1228 1599 1430 1662 epistolae,
1456 1602 1683 1655 rescribere

228 1677 338 1722 opus
355 1662 432 1717 est,
445 1685 447 1687 ·
462 1677 560 1708 cum
573 1666 725 1722 penna,
758 1669 802 1721 &
821 1661 979 1724 vulgati
991 1665 1184 1710 encausto
1210 1664 1388 1724 quodvis
1417 1665 1640 1714 ludibrium
1669 1685 1681 1712 ε

228 1724 312 1771 hoc
331 1722 447 1772 enim
461 1723 661 1773 diversum
675 1722 728 1771 ab
746 1739 802 1770 eo
818 1723 991 1785 scrip't0‚
1021 1724 1135 1787 quod
1162 1725 1409 1776 continetur
1440 1728 1483 1774 in
1509 1728 1683 1790 epistola

230 1783 530 1836 obtenebrabit
543 1801 639 1833 earn
652 1785 778 1842 adeo,
811 1801 857 1833 ut
886 1790 1005 1847 nullo
1020 1786 1152 1835 modo
1178 1787 1364 1851 intelligi
1385 1790 1549 1851 poterit
1572 1807 1681 1852 prae-

228 1863 427 1910 terquarn
453 1848 639 1910 speculo,
666 1848 696 1894 fi
726 1847 846 1895 enim
857 1847 1027 1898 obviarn
1053 1853 1228 1912 speculo
1258 1852 1500 1900 ostendatur
1529 1854 1681 1916 pagina

228 1912 378 1971 scripta
391 1927 487 1957 cum
501 1911 609 1973 stylo
628 1909 747 1974 illico
757 1910 1065 1973 conspicientur
1082 1914 1129 1960 in
1145 1912 1318 1973 speculo
1344 1915 1531 1979 epistolae
1559 1917 1679 1976 ipfius

229 1973 356 2021 literae
371 1972 669 2035 Intelligibiles
685 1973 972 2032 hujuscemodi
1000 1974 1160 2038 scriptis
1174 1975 1293 2024 multi
1311 1992 1550 2039 contegunt
1566 1993 1678 2026 arca-

234 2040 359 2084 na‘ne
374 2033 430 2085 ‘ab
445 2037 538 2085 aliis
555 2035 1013 2099 percipiantur,infidias
1027 2052 1176 2086 eorum
1189 2043 1449 2089 metuentes,

1381 2392 1681 2484 (ΒΜ.
