1967 2833
365 86 368 87 ᾗ
641 81 644 83 “
675 81 931 164 ‘Prima
950 80 1327 198 Destriptio

250 209 620 279 Operae-pretium
635 212 694 258 est
709 210 831 271 igitur
849 210 1066 266 hominem
1082 211 1280 258 inflruiin
1303 206 1604 271 cognitionem
1629 209 1703 260 viae

258 274 476 335 cujussibet
497 274 556 321 rei
572 290 698 335 quam
710 277 795 320 vult
811 273 991 333 operari,
1020 273 1097 320 etsi
1110 274 1156 322 in
1173 273 1344 321 tramite
1360 276 1469 331 justo
1486 273 1581 320 artis
1597 290 1702 322 verae

259 353 474 403 permeare
492 336 669 383 voluerit
682 334 826 384 omissa
843 337 912 382 illa
930 335 1160 398 sophistica,
1193 344 1235 386 ὅ(
1250 334 1512 398 deceptoria,
1545 352 1704 386 conve..

263 402 348 456 nit,
382 416 427 446 ut
447 414 546 447 ante
562 399 708 446 omnia
724 399 890 456 timeat,
924 405 965 445 &
986 413 1098 446 amet
1113 398 1482 459 omnipotentem
1498 400 1642 446 Deum
1657 400 1704 447 in

260 465 478 511 'Trinitate
494 479 623 510 unum
630 482 642 518 3
658 476 757 508 nam
767 460 816 509 ab
831 463 922 520 ejus
938 460 1093 511 Divina
1109 459 1341 519 Majestatis
1358 461 1553 521 potentia
1567 463 1710 511 omnia

263 526 383 573 ‘bona
401 525 654 586 procedunt,
686 523 917 585 omniaque
945 539 1081 572 creata
1098 528 1216 570 fuere
1229 522 1398 583 pietate,
1431 531 1475 572 &
1495 523 1662 571 ratione
1694 544 1710 581 3

263 590 426 636 idcirco
442 603 635 649 magnu3‚
672 593 714 635 δι
733 585 889 634 nobilis
906 586 1067 634 Rhetor
1082 586 1285 646 Isocrates
1307 600 1461 633 monet
1488 601 1535 632 ut
1563 589 1710 635 Deum

267 653 488 699 timeamus
501 664 559 696 ac
576 649 646 713 pie
673 650 899 710 sanitasque
926 651 1129 705 colemus,
1160 663 1287 711 quare
1313 648 1586 709 unusquisque
1616 664 1715 697 oret

265 715 415 776 *itaque
431 716 576 761 Deum
595 711 836 772 Optimum,
876 718 917 759 δέ
939 711 1192 768 Maximum,
1225 725 1270 758 ut
1300 708 1454 759 tribuat
1485 710 1526 758 ei
1552 710 1715 761 donum

269 777 498 840 sapienti&
531 783 574 825 &
592 773 871 836 cognitionis,
902 790 1004 825 nam
1015 777 1137 821 Deus
1153 773 1322 835 inspirat
1337 773 1401 820 cui
1414 774 1518 838 vult,
1532 774 1714 822 maxime

271 839 420 903 probis
441 846 484 887 &
501 836 624 884 bonae
640 837 887 894 voluntatis,
919 837 1170 899 iniquosque
1183 836 1350 898 repellit
1370 836 1720 885 :inde¹Diale&i·

273 919 348 960 σεε,
385 908 423 949 ει
447 899 727 962 Philosophiae
741 898 954 947 incumbat
970 897 1120 960 quibus
1136 898 1417 947 mediantibus
1429 901 1604 949 tendere
1621 903 1722 962 pos-

271 965 325 1013 sit
343 965 392 1011 ad
407 965 755 1026 speculationem,
784 970 833 1012 ’δε
853 961 1229 1024 investigationem,
1267 977 1355 1022 quae
1375 961 1600 1010 necessario
1613 979 1720 1025 prae-

271 1028 430 1075 cedunt
450 1026 744 1088 operationem
757 1025 807 1072 ad
822 1024 1126 1074 enucleandam
1136 1025 1378 1072 medullitus
1393 1023 1610 1074 veritatem
1629 1043 1640 1071 =
1667 1027 1723 1074 fi-

277 1090 344 1137 nis
361 1090 477 1136 enim
492 1087 988 1150 speculativiintelleostus
1005 1089 1064 1135 est
1076 1089 1231 1136 veritas
1258 1103 1314 1135 eo
1341 1086 1536 1150 equidem
1563 1089 1726 1136 excuti-

277 1168 347 1199 ·tur
366 1167 564 1213 tanquam
579 1165 630 1197 ex
645 1149 806 1210 Pyritis
834 1150 1057 1198 collifione
1084 1150 1193 1213 ignis
1212 1169 1224 1196 ε
1256 1150 1414 1198 idcirco
1436 1149 1724 1212 §Aristotelen

279 1215 352 1262 lib.
374 1235 414 1263 2.
430 1213 733 1277 Metaphyficae‚
751 1214 909 1275 inquit,
930 1213 1159 1262 Nescimus
1177 1228 1320 1260 autem
1335 1229 1479 1262 verum
1496 1215 1582 1261 sine
1598 1221 1729 1273 causa,

281 1293 385 1326 mox
400 1278 521 1325 tertio
537 1277 832 1340 Metaphyficae
857 1279 1004 1340 potior
1016 1275 1426 1338 enim'invefligatio
1453 1276 1638 1339 priorum
1665 1281 1727 1327 est

280 1342 435 1390 solutio
451 1339 733 1387 dubitatorum
754 1360 765 1387 ε
798 1341 878 1385 hoc
910 1353 1052 1388 autem
1067 1354 1161 1386 non
1174 1342 1234 1387 est
1248 1338 1573 1400 opusfinopisffit
1592 1340 1727 1405 inquit

284 1403 543 1464 Philosophus
559 1402 599 1449 in
615 1401 688 1449 lib.
709 1421 750 1450 2.
769 1402 1036 1450 Politicorum
1057 1439 1072 1460 ,
1104 1401 1366 1463 Impossibile
1380 1404 1439 1448 est
1467 1401 1730 1463 ‚indigentem
1798 1409 1800 1411 ’

283 1466 604 1527 Philosophare,
641 1473 683 1514 &
704 1465 979 1526 quipraediEia
996 1465 1231 1527 neglexerit
1250 1464 1296 1511 in
1326 1462 1411 1513 cafl‘¹
1430 1480 1474 1511 m
1506 1464 1734 1523 laborabit,

289 1536 334 1578 δε
362 1526 637 1592 proculdubio
681 1527 808 1576 eribit
825 1526 912 1575 :ob
931 1527 976 1574 id
989 1530 1058 1576 scri
1064 1528 1154 1590 ptis
1169 1526 1356 1590 prodidit
1373 1528 1585 1574 Arnoldus
1600 1528 1733 1577 Villa-

285 1610 479 1647 nwamu,
512 1590 584 1652 qui
595 1608 645 1639 vu
666 1605 682 1635 t
695 1590 745 1638 ad
760 1591 867 1637 hanc
878 1589 1096 1638 scientiam
1111 1589 1345 1652 pervenire,
1376 1598 1419 1640 &
1435 1606 1527 1637 non
1545 1594 1603 1638 est
1632 1591 1735 1639 Phi-

286 1654 508 1717 losophus,
539 1658 670 1701 fatuus
683 1656 759 1712 est,
791 1670 890 1701 nam
905 1652 991 1700 haec
1003 1655 1062 1700 est
1077 1652 1248 1700 scientia
1266 1653 1319 1700 de
1333 1655 1510 1700 occultis
1541 1653 1734 1703 Philoso-

286 1716 487 1778 phorum,
518 1733 567 1765 ea
583 1715 711 1777 igitur
735 1718 841 1764 latet
858 1719 1014 1770 fatuos,
1052 1717 1220 1777 ignaros
1249 1731 1373 1776 atque
1386 1716 1577 1776 iniquos,
1601 1732 1655 1763 ex
1671 1717 1735 1767 his

275 1790 411 1841 ‘patet
439 1794 486 1826 ut
516 1778 685 1827 nemini
715 1778 837 1826 liceat
866 1781 906 1824 se
921 1777 1013 1825 huic
1042 1778 1119 1827 arti
1136 1778 1445 1836 intromittere,
1477 1779 1554 1826 nisi
1578 1794 1734 1828 naturae

289 1842 494 1905 principia
508 1860 553 1890 ac
569 1842 660 1899 ejus
676 1843 869 1902 regimen
883 1844 1089 1902 agnoscat:
1101 1856 1231 1904 prout
1250 1841 1366 1889 reete
1380 1840 1485 1889 dixit
1499 1845 1736 1894 Bernardm

295 1905 566 1967 Tervirensis‚
596 1904 645 1951 de
658 1905 704 1951 T
702 1903 1016 1964 ransmmatione
1032 1904 1289 1959 Metallica,
1321 1906 1438 1952 Nam
1466 1916 1575 1966 opus
1602 1908 1739 1968 sequi-

292 1984 355 2015 tut
372 1983 565 2017 naturam
582 1985 594 2012 ε
633 1973 778 2026 Qare
803 1967 942 2027 inquit
954 1968 991 2012 C
993 1965 1159 2029 icero-⁷1¹.
1178 1968 1298 2029 Offic.·
1324 1969 1484 2028 Neque
1499 1968 1619 2017 enim
1632 1971 1738 2017 atti-

295 2046 373 2079 net
394 2045 810 2094 rep1·gnarenaturae,
838 2045 917 2078 nec
931 2029 1158 2091 quidquam
1172 2029 1302 2090 sequi,
1331 2030 1448 2090 quod
1463 2029 1615 2093 assequi
1646 2049 1736 2084 non

295 2109 438 2155 quem,
470 2095 654 2154 quiergo
669 2094 754 2142 vtlt
771 2092 997 2154 quicquam
1012 2092 1182 2141 efficere
1195 2092 1365 2141 omittat
1380 2093 1546 2140 insulsas
1562 2094 1738 2158 opinio-

295 2171 389 2214 ηας,
419 2155 569 2218 quibus
585 2156 717 2203 fidem
732 2153 927 2202 adhibere
944 2152 1082 2213 obest,
1113 2153 1297 2206 animum
1326 2170 1429 2204 veto
1453 2154 1663 2217 disponat,
1694 2174 1739 2208 ut

298 2233 436 2267 rerum
450 2234 635 2276 naturam,
671 2224 712 2265 &
731 2232 906 2267 eventus
921 2218 1150 2280 intelligat,
1179 2217 1276 2265 hinc
1290 2231 1390 2264 tuto
1404 2234 1552 2266 manus
1567 2219 1617 2266 ad
1633 2235 1741 2283 ope-

301 2281 479 2336 randum
493 2284 665 2330 emittat
685 2299 696 2327 :
713 2279 903 2341 ejusdem
915 2281 1126 2329 sententia
1141 2281 1220 2329 fuit
1234 2282 1499 2332 Democritus
1512 2283 1741 2343 Abderita,

301 2359 463 2406 nempe
474 2361 531 2392 ne
548 2358 664 2391 extra
675 2342 851 2392 rationis
869 2341 1029 2391 limites
1045 2343 1227 2400 incedat,
1259 2343 1330 2404 qui
1343 2343 1437 2406 huic
1460 2345 1648 2403 facultati
1677 2347 1743 2397 in-

302 2406 459 2454 haerer‘e
487 2407 632 2467 cupit3
660 2421 800 2467 neque
831 2405 874 2455 in
891 2420 1037 2469 opere
1063 2421 1229 2467 ponere
1255 2409 1298 2453 se
1315 2405 1631 2467 animadvertat,
1662 2409 1742 2459 nili

300 2468 418 2533 prius
435 2472 627 2539 agnoscat
654 2473 844 2537 causam,
874 2470 941 2521 vel
964 2469 1180 2538 materiam
1209 2467 1534 2537 determinatam
1546 2473 1742 2535 :propin-

619 2551 622 2553 ’
675 2552 678 2555 ·
1614 2549 1740 2597 quam
