1967 2833
713 138 716 141 .
828 125 830 127 “
962 111 976 129 .
1547 109 1567 116 '⁴-
1607 108 1614 109 ⁷

696 109 778 195 de
805 114 1073 226 Pyrrtea
1531 142 1613 193 v>111

167 244 343 310 *scor-idis-
372 244 429 292 ita
445 237 676 297 afferentis,
708 241 813 286 loco
827 240 880 288 de
899 240 1096 296 Cadmia‚
1119 252 1203 288 *ne-c
1229 236 1382 287 desunt
1411 238 1482 300 qui
1499 236 1616 285 Cad-

172 311 301 360 miam
314 308 360 355 in
376 303 564 367 lapidum
579 303 738 351 fodinis
768 303 946 352 inveniri
960 304 1149 359 tradant,
1183 302 1290 351 falsa
1314 301 1494 364 quadam
1507 301 1618 362 lapi‘

172 373 273 419 dum
285 368 546 430 cognatione
576 383 587 410 τ
608 365 709 415 inde
726 366 991 430 prosequitur
1004 368 1139 416 multa
1153 363 1378 414 ostendere
1392 364 1619 426 signa‚qui‘

173 434 250 485 bus
269 430 512 481 discernitur
527 429 700 477 illorum
714 444 835 477 error
853 449 864 476 :
895 443 1184 478 verumtamen
1201 428 1360 475 omitto
1374 431 1500 484 eam&
1514 441 1620 490 pro-

174 497 281 544 lixus
314 494 454 544 videar
477 507 573 539 cum
600 493 872 554 unusquisque
903 493 1045 554 legere
1072 491 1238 556 poterit
1272 492 1346 541 illa
1362 492 1471 550 apud
1485 493 1621 553 ipsum

164 558 492 620 *Dioscoridemz
523 555 710 612 ejusdem
736 556 816 603 fuit
846 556 1068 603 sententiae
1096 553 1320 616 Oribaſszffi
1354 555 1429 602 lib.
1451 572 1522 616 13.
1561 553 1623 599 ita

176 626 406 685 proferens
422 617 611 667 adversus
627 618 745 676 illos,
774 618 973 681 videlicet
993 623 1089 666 sunt
1107 619 1182 680 qui
1196 618 1241 665 in
1258 618 1447 680 lapidum
1462 617 1624 666 fodinis

177 683 357 734 inveniri
370 681 595 730 Cadmiam
609 680 808 738 afferunt,
839 682 1012 745 decepti
1040 682 1245 729 nimitum
1278 683 1304 728 a
1333 679 1536 745 lapidibus
1551 679 1624 743 qui

176 751 273 796 sunt
286 744 478 795 Cadmiae
506 745 772 805 perfimiles3
807 761 904 793 cum
932 745 996 793 his
1018 759 1219 807 praeterea
1246 745 1472 803 maximus,
1501 758 1625 805 aper-

148 854 151 858 .
178 809 432 870 tiffimusque
449 807 821 869 comprehenditur
836 811 1058 857 consensus
1075 824 1165 857 tum
1184 807 1337 868 zAEtii,
1369 807 1467 856 cum
1496 809 1626 857 etiam

182 872 322 922 ‘Pauli
344 869 579 934 eAEginetae‚
609 872 682 933 qui
696 871 749 921 de
765 870 944 920 Cadmia
974 871 1181 920 artificiali
1208 870 1508 920 tantummodo
1535 886 1626 918 tra-

180 937 350 984 &arunt
369 952 380 980 :
409 933 466 980 Hi
477 933 675 994 equidem
690 934 736 982 in
766 950 905 981 rerum
934 934 1202 990 naturalium,
1235 950 1411 981 necnon
1440 934 1626 982 medica-

182 1012 431 1047 mentorum
446 996 699 1059 fimplicium
715 996 969 1058 cognitione
983 997 1170 1064 multum
1185 1001 1352 1045 suerunt
1368 997 1530 1054 versati,
1544 1014 1626 1044 nec

185 1076 330 1109 tamen
346 1061 470 1107 aliam
486 1059 764 1122 prodiderunt
781 1060 1008 1108 Cadmiam
1022 1079 1036 1120 ,²
1049 1076 1194 1110 verum
1208 1075 1353 1109 nonne
1372 1060 1480 1107 adest
1494 1060 1624 1108 etiam

188 1122 420 1185 Serapionis
435 1123 727 1170 testimonium
756 1122 869 1170 inter
894 1121 1066 1171 Arabes
1099 1121 1369 1170 celeberrimi
1398 1122 1627 1184 scriptoris,

184 1201 308 1247 atque
324 1187 570 1233 Graecorum
583 1182 754 1240 affeclae,
768 1185 856 1249 ipse
872 1186 1081 1248 redarguit
1098 1185 1377 1234 existimantes
1394 1185 1568 1249 reperiri
1581 1187 1627 1234 in

187 1248 402 1302 montibus
414 1281 429 1306 ‚
465 1256 510 1298 δι
536 1248 580 1297 in
610 1246 789 1296 cursibus
817 1264 1013 1311 aquarum
1042 1252 1254 1314 petrosam
1281 1247 1520 1306 Cadmiam,
1549 1250 1628 1298 five

187 1312 371 1362 climiam
388 1311 525 1359 dicere
538 1311 659 1360 malis
673 1310 856 1360 Arabica
869 1312 1078 1369 dfflione,
1108 1328 1236 1372 quam
1250 1311 1336 1370 ipse
1353 1314 1517 1375 prorsus
1545 1328 1627 1359 ne-

190 1390 261 1437 gat
277 1372 361 1423 effe
373 1390 514 1422 veram
528 1375 711 1422 climiam
729 1397 742 1423 :
769 1390 1027 1439 quapropter
1042 1374 1234 1423 admirari
1248 1374 1371 1422 datur
1387 1373 1630 1424 substituisse

173 1435 316 1485 vnobis
348 1441 549 1487 Galenum
579 1438 813 1500 improprie
840 1438 1065 1487 Cadmiam
1094 1438 1332 1485 naturalem
1359 1438 1629 1499 foffilemque

191 1500 384 1562 reperiri,
416 1516 539 1562 quam
556 1502 580 1546 ὰ
597 1502 811 1548 Praefec‘to
826 1503 1098 1548 metallorum
1115 1499 1314 1563 accepisse
1331 1499 1450 1549 faffus
1478 1504 1538 1549 est
1569 1501 1631 1547 ob

192 1578 296 1615 verat
312 1563 515 1620 Cadmiae,
547 1563 591 1611 id
604 1567 678 1619 est,
709 1564 958 1621 artificialis,
986 1563 1202 1626 penuriam
1219 1581 1232 1608 ε
1249 1565 1309 1611 ita
1325 1563 1441 1626 quod
1459 1566 1631 1610 alteram

196 1624 420 1675 Cadmiam
437 1625 653 1675 videbatur
669 1627 1110 1676 Praefe&1isinfiriuare
1141 1631 1303 1683 Galem,
1318 1642 1407 1688 quae
1432 1629 1531 1675 vero
1557 1627 1633 1673 de·

192 1689 377 1738 ficientis
393 1690 529 1737 vicem
536 1706 720 1752 gereret,
736 1707 834 1739 nam
847 1690 1012 1739 easdem
1024 1695 1114 1738 fere
1127 1690 1232 1739 vires
1250 1704 1422 1750 utraque
1437 1688 1635 1752 possidet,

196 1753 311 1801 sicuti
326 1755 386 1805 est
400 1752 555 1810 videre,
586 1755 818 1816 praesertim
834 1753 881 1800 in
912 1751 1236 1819 operationibus
1255 1753 1483 1801 metallicis
1502 1769 1514 1808 3
1546 1753 1636 1811 jam

196 1814 311 1862 enim
327 1820 580 1864 consuetum
591 1831 680 1863 erat
699 1817 838 1879 priscis
852 1818 970 1863 luteo
998 1818 1148 1864 colore
1165 1815 1342 1862 inficere
1365 1833 1421 1862 aes
1436 1831 1533 1862 cum
1547 1816 1636 1878 pri-

198 1894 269 1924 ma
300 1878 522 1925 artificialis
551 1880 742 1927 Cadmiae
758 1878 1014 1937 differentia,
1045 1895 1134 1942 quae
1165 1878 1340 1929 Botritis
1356 1881 1430 1934 est,
1449 1886 1491 1927 δι
1509 1879 1637 1939 vulgo

203 1939 362 1990 Thurin
375 1943 676 1990 Alexandrina
688 1944 940 2005 appellatur,
970 1940 1330 2004 quemadmodum
1344 1956 1479 2004 nuper
1502 1955 1639 2002 expo-

200 2003 505 2061 situmfuinhac
519 2004 645 2066 igitur
659 2006 868 2053 artificiali
883 2006 1062 2053 Cadmia
1078 2003 1365 2055 construebant
1377 2004 1641 2061 auricalcum,

199 2065 316 2128 quod
333 2070 572 2118 Avicemeas
583 2068 810 2132 appellavit
824 2071 1012 2125 Allaton,
1041 2068 1201 2126 dicens,
1226 2067 1268 2114 in
1283 2066 1472 2114 Difiione
1484 2065 1642 2129 quinta,

202 2129 382 2179 Allaton
397 2131 449 2178 fit
463 2130 665 2193 extribus
680 2130 794 2178 fibris
810 2134 963 2193 Cupri,
991 2140 1035 2181 δε
1054 2131 1188 2179 tribus
1221 2131 1355 2178 unciis
1372 2133 1534 2177 Thutiae
1553 2148 1564 2175 ε
1590 2130 1643 2177 ea

205 2194 308 2241 vero
327 2192 571 2250 deficiente,
594 2210 640 2241 ut
657 2194 816 2243 minori
832 2194 1054 2258 dispendio
1069 2209 1271 2260 optatum.
1283 2193 1490 2251 eveniret,
1517 2208 1643 2255 repe-

208 2255 384 2311 rierunt,
414 2258 680 2318 experientia
694 2257 831 2314 duce3
866 2258 1100 2306 Inferiores
1117 2259 1170 2306 ad
1197 2257 1283 2304 hoc
1308 2272 1416 2320 opus
1449 2259 1645 2320 supplere

208 2318 420 2379 quoddam
435 2335 567 2381 genus
581 2321 728 2382 lapidis
742 2321 972 2378 mineralis‚
987 2338 1034 2370 ac
1046 2321 1212 2378 foffilis,
1236 2319 1309 2382 qui
1324 2319 1435 2366 solus
1452 2317 1516 2366 his
1531 2335 1646 2367 tem-

207 2380 378 2441 poribus
395 2382 440 2429 in
456 2387 524 2429 usu
540 2382 719 2431 habetur
738 2405 752 2440 3
787 2385 900 2431 hunc
915 2384 1107 2447 plerique
1134 2386 1289 2433 volunt
1313 2380 1397 2431 esse
1422 2381 1645 2431 Cadmiam

207 2438 392 2501 [offilem
404 2446 429 2492 ὲ
447 2450 593 2495 Galeno
607 2448 883 2503 recensitam,
903 2466 950 2495 ac
982 2450 1252 2512 summopere
1278 2444 1559 2508 approbatam
1575 2444 1650 2494 ad-

211 2509 346 2556 versus
362 2506 565 2567 morbos,
592 2511 743 2574 quibus
760 2510 987 2560 artificialis
1002 2511 1180 2560 Cadmia
1211 2509 1419 2568 medetur,
1452 2507 1650 2621 qusinirqb

947 2575 989 2622 C
1023 2592 1049 2623 2
1514 2586 1601 2634 erip
1617 2585 1655 2619 1t
