1967 2833
310 68 405 150 82
751 58 1004 141 Prima
1027 54 1417 176 Descriptio

316 192 441 238 motu
456 186 689 238 coelestium
707 185 944 235 occultiore
961 187 1135 243 calidu5‚
1171 196 1215 238 δε
1250 189 1382 235 ficcus
1413 201 1488 250 per
1517 186 1773 249 spiramenta

314 268 587 304 cavernarum
604 248 798 306 incubuit
812 251 867 297 fic
890 251 1118 298 conclusus
1132 264 1318 313 querens
1333 250 1495 299 exitum
1512 252 1580 299 diu
1597 252 1775 302 luctatus-

314 318 505 382 concipit
522 316 670 378 ignem
685 314 729 363 in
745 312 913 362 materia
929 313 978 361 ad
995 312 1078 360 hoc
1098 327 1207 377 apta,
1238 329 1284 360 ut
1298 313 1343 361 in
1357 315 1560 376 sulphure,
1596 324 1639 365 &
1659 316 1774 365 bitu*

315 382 451 439 mine,
482 397 527 430 ut
540 377 691 429 accidit
711 381 868 427 ‹AEtnae
880 377 1020 426 monti
1038 377 1205 436 Siciliae,
1219 378 1438 441 plerisque
1451 379 1539 426 aliis
1556 381 1662 427 locis
1679 379 1776 428 sub-

319 445 526 494 terraneis
543 458 638 492 tum
653 442 805 500 Italiae,
824 455 918 490 tum
936 440 1109 490 aliarum
1123 441 1351 503 regionum
1368 456 1695 505 pror-tzmpuntur
1710 447 1778 491 su-

316 508 612 569 mu5‚·fulig0,
648 513 691 557 δι
710 503 852 567 ignis:
881 506 923 551 Si
935 506 1040 554 vero
1055 520 1222 561 ventus,
1255 504 1402 566 quinil
1419 504 1528 553 aliud
1558 509 1618 553 est
1648 522 1776 568 quam

317 587 389 620 aer
405 585 668 627 commotuS,
699 576 744 620 δε
762 570 939 632 agitatus
954 571 1169 619 conclusus
1182 568 1232 616 fit
1245 567 1292 616 in
1305 583 1426 618 terrae
1443 568 1777 617 concavitatibus

316 635 559 699 intercepta
573 633 827 698 spiratione,
858 630 931 680 ubi
946 645 1041 681 non
1054 632 1157 680 adsit
1174 630 1349 680 materia
1373 630 1547 680 accendi
1571 630 1776 694 dispofita

318 715 416 747 non
430 698 639 762 concipiet
654 699 818 758 ignem,
854 711 999 759 neque
1015 693 1203 746 incendii
1218 696 1373 757 iignum
1390 695 1525 744 ullum
1554 694 1776 758 apparebit

320 777 562 825 quanquam
576 760 691 808 idem
706 761 756 808 fit
779 774 922 807 motus
937 759 1043 808 aeris
1060 758 1209 823 agitati
1228 767 1273 810 &-
1288 756 1438 816 attriti‚
1450 759 1630 821 quicum
1646 772 1775 822 egre-

320 827 365 874 di
394 826 552 876 nitatur
577 824 617 875 vi
644 823 760 887 cogit
789 838 946 872 terram
970 822 1308 880 contremiscere,
1327 829 1376 874 »δι
1406 821 1666 885 quandoque
1681 837 1776 871 eam

321 889 504 937 hiascere
533 904 587 936 ex
618 887 701 934 hoc
731 901 856 935 terrae
895 902 1019 935 motu
1035 902 1190 950 magna
1218 884 1336 935 clade
1348 899 1546 935 corruunt
1564 885 1697 944 vibes,
1729 894 1776 937 δε

321 953 578 1015 quandoque
611 950 867 998 hauriuntur>
887 964 1010 999 terrae
1047 949 1226 1000 hiatibus
1256 949 1310 997 fic
1326 949 1431 997 varie
1460 948 1648 1012 quatitur
1663 963 1777 998 terra

326 1018 443 1073 iuxta
462 1015 711 1078 qualitatem
729 1012 915 1061 materiae
929 1013 1197 1074 excipientiS,
1229 1014 1337 1060 teste
1353 1011 1488 1060 Plinio
1505 1011 1579 1060 lib.
1612 1030 1655 1060 2.
1683 1028 1779 1078 cap.

324 1092 352 1133 39,
364 1096 404 1125 1:
437 1093 635 1142 practerea
650 1077 707 1124 ait
721 1076 786 1124 nil
803 1074 916 1125 aliud
932 1076 1046 1125 estin
1061 1091 1170 1126 terra
1189 1090 1352 1124 tremor
1364 1090 1491 1137 quam
1504 1075 1550 1123 in
1579 1074 1693 1123 nube
1708 1092 1778 1124 to-

326 1144 512 1191 nitruum
535 1140 686 1190 :Idem
704 1137 868 1189 afferuit
882 1141 1145 1202 Aristoteles,
1188 1139 1263 1187 lib.
1287 1157 1328 1187 2.
1360 1138 1686 1196 Metheororum,
1700 1138 1778 1187 de·

326 1209 567 1254 monstrans
584 1203 700 1267 quod
718 1205 820 1251 ficut
837 1204 882 1251 in
899 1219 1077 1266 corpore
1093 1204 1258 1259 nostr0,
1293 1212 1340 1252 oc
1355 1217 1474 1250 terrae
1491 1218 1698 1257 motuum,
1730 1211 1777 1253 ὅτ,

325 1270 534 1330 pulsuum,
547 1269 662 1315 causa
677 1271 737 1315 est
750 1266 914 1328 spiritus
932 1266 1165 1326 intercepti
1181 1265 1328 1321 virtus,
1360 1265 1415 1311 fic
1433 1273 1477 1315 &
1496 1265 1541 1312 in
1556 1279 1666 1313 terra
1696 1265 1780 1328 spi-

326 1331 454 1382 ritum
472 1331 608 1379 fimile
623 1333 763 1378 facere
779 1351 792 1377 ς
816 1329 918 1377 inde
932 1329 1073 1391 inquit
1088 1328 1182 1376 fieri
1198 1326 1473 1391 percussuram
1504 1327 1660 1374 eodem
1684 1344 1783 1376 mo-

327 1395 403 1450 do,
424 1411 470 1442 ut
488 1408 755 1457 comparetur
770 1391 925 1452 majori
938 1393 1079 1441 minor
1107 1410 1119 1438 :
1147 1407 1200 1440 ex
1228 1390 1290 1438 bis
1322 1391 1461 1452 itaque
1494 1391 1590 1438 satis
1620 1394 1783 1441 constat

331 1474 424 1507 non
437 1456 607 1521 concipi
620 1457 766 1519 ignem
793 1471 847 1503 ex
879 1471 1020 1513 motu,
1051 1470 1193 1516 neque
1221 1469 1278 1501 ex
1307 1469 1415 1512 aere,
1450 1453 1525 1503 niss
1558 1467 1780 1504 concurrat

327 1522 499 1570 materia
516 1522 566 1569 ad
582 1521 661 1567 hoc
677 1534 801 1583 apta:
833 1517 996 1566 Idcirco
1024 1517 1082 1565 ait
1113 1516 1392 1581 Philosophus,
1423 1520 1470 1565 8.
1502 1516 1779 1581 Phyficorum,

330 1592 377 1635 ⁷a&
409 1586 493 1634 fine
512 1583 587 1630 hac
599 1582 853 1631 definitione
869 1584 1021 1630 omnes
1037 1581 1231 1630 homines
1247 1579 1506 1638 concedunt,
1536 1581 1654 1642 quod
1683 1597 1779 1629 non

329 1650 388 1695 est
403 1647 566 1697 necefl'e
582 1645 758 1703 moveri,
789 1645 866 1693 nifi
881 1645 984 1692 illud
1001 1646 1118 1707 quod
1145 1645 1286 1707 potest
1314 1644 1489 1701 moveri,
1521 1659 1603 1690 nec
1629 1647 1780 1694 altera-

329 1710 485 1762 turnifi
500 1709 616 1773 quod
633 1711 834 1757 innatum
867 1711 927 1757 est
955 1707 1139 1763 alterari,
1179 1704 1344 1755 neceffe
1369 1708 1429 1754 est
1457 1706 1598 1768 igitur,
1629 1721 1677 1754 ut
1711 1723 1779 1757 res

329 1774 378 1820 iit
394 1774 536 1823 innata
551 1770 742 1820 comburi
758 1768 984 1833 antequam
996 1769 1281 1828 comburatur,
1314 1777 1358 1820 δι
1387 1768 1636 1819 comburere
1653 1786 1781 1819 ante-

330 1852 457 1898 quam
472 1834 693 1884 comburat
714 1852 725 1881 :
755 1835 838 1882 haec
850 1849 991 1883 autem
1008 1831 1288 1897 proculdubio
1301 1832 1568 1883 adversantur
1587 1831 1779 1892 [ardano

329 1900 402 1961 qui
415 1900 566 1947 insulse
576 1897 842 1954 existimavit,
873 1899 1036 1946 nullam
1052 1898 1097 1945 in
1114 1895 1253 1960 lapide
1279 1897 1519 1960 potentiam
1547 1897 1656 1958 ignis
1682 1899 1782 1958 effe,

334 1970 379 2014 δι
396 1961 469 2010 fibi
483 1963 676 2025 persuasit
694 1960 900 2009 incertam
912 1964 1023 2010 suam
1039 1961 1296 2023 opinionem
1310 1960 1459 2008 fulcire
1487 1962 1673 2010 vanitate
1699 1963 1790 2011 levi

333 2027 501 2083 dicens,
537 2024 655 2087 quod
673 2023 835 2086 lapides
853 2025 897 2074 in
912 2024 1059 2087 ignem
1076 2025 1260 2086 projetffi
1275 2023 1342 2074 vix
1357 2023 1635 2074 accenduntur
1664 2026 1782 2087 quod

331 2104 564 2139 erroneum
583 2091 656 2145 est,
688 2089 871 2151 superius
886 2090 1004 2135 enim
1020 2088 1256 2150 expositum
1271 2087 1353 2136 fuit
1379 2088 1571 2150 Pyritem
1597 2088 1779 2150 lapidem

331 2153 558 2202 continere
571 2149 749 2213 sulphur,
763 2150 877 2214 quod
894 2154 953 2200 est
964 2152 1138 2199 materia
1153 2151 1280 2214 ignis,
1314 2149 1377 2196 ob
1403 2150 1448 2198 id
1477 2150 1605 2199 facile
1633 2167 1779 2200 accen—

333 2215 490 2266 duntur
505 2217 713 2264 contactu
728 2215 839 2277 ignis
851 2214 1184 2280 nempePyritis
1200 2213 1354 2276 glebae,
1373 2228 1463 2276 quae
1481 2214 1611 2260 semel
1628 2231 1779 2263 accen·

335 2281 384 2326 sae
400 2279 549 2328 ardent
566 2277 717 2335 tribus,
753 2287 797 2329 &
817 2293 997 2341 quatuor
1015 2276 1227 2328 menfibus
1243 2275 1395 2339 absque
1425 2278 1655 2339 lignorum,
1687 2293 1780 2325 car-

338 2340 553 2391 bonumve
571 2341 982 2393 subministratione:
1010 2341 1288 2403 quamobrem
1313 2357 1416 2389 vana
1429 2344 1489 2387 est
1515 2339 1701 2400 C'ardfzm'
1729 2355 1782 2387 o·-

334 2406 455 2466 pinio
471 2406 827 2470 quemadmodum
838 2406 1097 2470 experientia
1111 2405 1280 2453 docuit:
1310 2418 1517 2467 praeterea
1544 2404 1655 2451 aliud
1680 2419 1782 2465 pro-

333 2470 478 2531 posuit
510 2485 741 2523 erroneum
770 2471 1023 2539 aueioritate
1052 2467 1333 2539 Alexandri,
1353 2470 1516 2533 nempe
1535 2470 1562 2521 fi
1599 2468 1785 2581 igfis·<}¹²

1665 2546 1728 2596 api
1757 2551 1784 2584 e
