1967 2833
332 108 478 218 '416
777 159 785 172 .*
818 99 1022 188 Se'xca
1041 99 1426 220 &ascriptio

337 238 485 284 oleum
501 253 553 285 ex
570 235 724 301 liquida
739 237 786 286 fit
801 238 899 286 Pice
916 259 926 285 ε
944 237 1046 285 inde
1060 235 1418 286 .A›v1‘cennal1'b.2.
1438 241 1485 286 T
1477 238 1627 289 rasta.
1637 259 1676 288 c.
1687 231 1791 304 539ss

344 300 391 345 dc
410 299 688 363 Pice‚'inquit‚
707 302 854 350 oleum
867 301 968 363 picis
986 301 1039 348 fit
1054 318 1097 349 ut
1111 301 1329 348 distilletur
1344 304 1435 360 ejus
1454 304 1684 364 humidum,
1714 299 1786 351 ubi

342 361 609 425 decoquitur,
642 381 685 413 ut
701 365 961 422 defficcetur,
990 379 1060 411 aut
1078 364 1340 428 suspendatur
1369 371 1477 423 lana,
1514 375 1555 415 &
1583 368 1796 418 madefiet2

345 439 400 471 ex
413 441 567 490 vapore
581 444 684 476 tunc
700 429 972 491 exprimatur,
985 443 1082 475 cum
1098 442 1244 475 tamen
1261 426 1412 475 melius
1441 430 1491 477 sit
1508 448 1552 480 ut
1579 432 1796 479 distilletur

366 505 400 535 n
415 490 634 549 cucurbita,
671 499 711 538 &
733 489 1040 548 alembico‚boc
1056 492 1187 552 magis
1201 493 1381 539 servatur
1394 494 1508 554 quod
1523 494 1795 543 sublimatur:
1814 542 1819 545 ,

348 566 404 598 ex
419 552 569 614 quibus
587 569 704 615 patet
722 556 895 617 separari
911 555 949 602 vi
965 554 1070 616 ignis
1087 552 1201 617 quod
1217 566 1349 599 tenue
1375 557 1476 603 esta
1492 557 1633 614 craflb,
1675 566 1718 607 &
1749 557 1797 604 in

347 613 524 664 halitum
539 619 663 677 verti,
677 618 776 666 inde
792 619 834 665 in
854 617 1027 666 sublime
1045 631 1252 678 evaporat,
1266 614 1525 679 dispergitur,
1543 619 1585 668 in
1600 619 1799 668 nihilum-

349 693 429 739 que
443 679 549 740 abir,
560 682 631 730 niti
649 682 881 730 retineatur
899 679 1116 730 obstaculo
1132 680 1302 738 alicujus
1315 681 1466 742 organi
1489 682 1800 732 instrumentive

351 740 604 794 disiillatorii
620 761 741 808 prout
756 747 830 801 est,
863 744 1069 792 cucussbira
1084 757 1153 792 aut
1172 743 1297 799 flexa,
1328 760 1396 793 aut
1421 748 1556 804 ῐεᾶε,
1588 754 1631 795 &
1661 746 1805 807 longa,

353 805 418 851 cui
433 809 671 858 anneffitur
688 808 947 872 capitellum,
981 824 1049 856 aut
1066 805 1326 868 suspenditur
1341 808 1432 856 lana
1445 824 1699 872 quaervapore
1727 809 1805 856 hu-

353 870 497 916 mescit
513 887 612 919 mox
628 877 789 934 repleta
806 873 1052 934 exprimitur
1067 871 1112 917 in
1129 868 1238 917 aliud
1252 885 1336 928 vas,
1362 873 1440 919 etfi
1469 872 1728 921 obstaculum
1753 889 1806 919 ex

354 934 449 979 lana
464 936 581 995 supra
600 951 752 998 corpus
768 936 971 996 liquidum
990 935 1111 1000 picis,
1127 948 1196 981 aur
1222 933 1375 981 cedreae
1404 938 1593 998 suspensa
1619 935 1808 996 supplere

353 999 495 1057 potest
513 998 772 1047 cucurbitam
791 999 1108 1054 distillatoriam,
1139 995 1416 1044 nihilominus
1434 1014 1524 1047 non
1538 998 1646 1046 adeo
1657 999 1805 1046 exa&e

357 1058 455 1105 lana
469 1061 670 1112 succedet,
702 1077 748 1109 ut
765 1061 982 1110 cucurbitae
998 1061 1251 1109 obstaculum
1265 1075 1361 1107 cum
1375 1061 1493 1123 pileo
1507 1064 1661 1119 vitreo,
1675 1061 1806 1123 vulgo

355 1118 510 1170 dicitur
527 1123 678 1172 boccia
694 1125 968 1183 distillatoria,
985 1127 1068 1173 haec
1083 1129 1141 1171 est
1156 1123 1483 1174 instrumentum>
1495 1124 1698 1173 densioris
1711 1124 1808 1172 sub-

357 1185 517 1241 stantia:
535 1190 669 1250 magis
686 1205 826 1250 aptum
840 1188 1036 1237 detinere
1052 1187 1218 1250 spiritus
1249 1187 1320 1247 qui
1331 1188 1475 1245 potius
1488 1186 1727 1250 densantur,
1761 1196 1807 1238 δε

357 1245 549 1297 distillare
582 1266 790 1313 coguntur
811 1270 822 1297 ε
852 1252 1134 1315 quamobrem
1166 1251 1358 1306 Galenm,
1382 1251 1459 1299 ‹li-b.
1476 1271 1524 1313 7.
1552 1251 1602 1297 de
1616 1250 1812 1314 Simplic-

363 1312 564 1361 cMedic.
583 1318 798 1366 Facultat.
819 1316 918 1363 loco
934 1317 981 1363 de
997 1318 1030 1361 C
1032 1315 1143 1369 aria,
1173 1312 1216 1359 id
1235 1316 1295 1360 est
1309 1318 1452 1372 Nuce,
1485 1313 1643 1375 inquit,
1675 1329 1730 1361 ex
1759 1330 1810 1361 ea

358 1373 594 1424 inveterata
612 1385 716 1439 tusa,
730 1396 777 1426 ac
793 1378 942 1428 diutius
957 1377 1177 1427 recondita
1193 1374 1243 1424 ad
1258 1378 1585 1429 macerationem
1600 1376 1722 1425 facile
1737 1393 1817 1425 ex-

360 1436 556 1497 primitur
569 1442 732 1500 oleum,
748 1442 844 1491 hinc
859 1442 1122 1505 prosequitur
1137 1442 1274 1489 dicere
1289 1458 1390 1489 tunc
1407 1444 1502 1488 sane
1516 1440 1745 1489 admodum
1758 1441 1813 1489 fit

360 1514 441 1560 per
458 1499 634 1551 halitum
648 1507 985 1568 evaporatorium
1002 1529 1014 1555 :
1043 1505 1130 1552 haec
1145 1503 1290 1552 Galeni
1321 1502 1442 1553 verba
1469 1506 1674 1565 postrema
1698 1503 1812 1551 indi-

361 1567 675 1628 cant‚equidem
686 1569 1005 1617 distillationem
1019 1584 1113 1615 cum
1127 1568 1309 1630 propriis
1321 1567 1492 1629 organis
1506 1568 1545 1613 C
1551 1566 1815 1630 hymistarum

363 1640 488 1676 more
506 1650 519 1686 3
553 1645 605 1677 ex
621 1632 829 1695 praediffis
843 1632 968 1693 igitur
982 1631 1103 1680 facile
1116 1629 1456 1693 deprehendetur
1469 1633 1668 1677 Galenum
1681 1644 1817 1690 erpo-

361 1691 479 1740 suifi'e
495 1693 709 1754 duplicem
726 1695 901 1743 modum
915 1693 1117 1743 eliciendi
1132 1697 1279 1741 oleum
1295 1695 1320 1741 ὲ
1334 1695 1462 1742 Nuce
1478 1711 1490 1738 τ
1517 1694 1597 1743 viz.
1617 1708 1704 1740 uno
1719 1707 1815 1740 mo-

364 1751 424 1800 do
440 1772 530 1804 cum
546 1759 806 1820 expreffione
821 1759 950 1821 praelo
964 1758 1076 1807 fafflx
1093 1765 1111 1807 ?
1139 1757 1298 1804 Altero
1313 1771 1451 1804 autem
1468 1757 1603 1805 modo
1619 1756 1708 1805 fieri
1740 1770 1816 1817 pet

365 1816 539 1867 halitum
552 1822 884 1884 evaporatorium
898 1821 1077 1870 minime
1094 1819 1223 1869 dubio
1244 1819 1433 1882 expreffit
1449 1838 1464 1862 ι
1495 1836 1595 1869 nam
1621 1834 1816 1881 quascun-

366 1896 529 1944 cunque
545 1885 718 1932 materia
731 1885 778 1933 in
791 1889 881 1934 vase
896 1883 1162 1933 distillatorio
1176 1883 1309 1945 posita
1324 1883 1361 1932 vi
1379 1883 1490 1945 ignis
1507 1882 1736 1941 incalescit,
1751 1897 1817 1930 at-

370 1957 645 2008 tenuaturque
659 1950 748 2006 ejus
763 1948 988 1996 humiditas
1004 1949 1051 1995 in
1066 1946 1259 2003 halitum,
1289 1948 1364 2009 qui
1397 1945 1667 2009 evaporando
1690 1944 1816 1992 subli-

370 2023 486 2056 mem
503 2009 646 2058 locum
661 2012 854 2069 ascendit,
887 2011 1258 2073 summitatemque
1271 2011 1368 2059 vasis
1382 2009 1651 2064 distillatorii,
1666 2008 1711 2055 in
1727 2024 1818 2071 quo

370 2068 583 2119 obstaculo
597 2073 791 2125 densatur
805 2075 971 2132 halitus,
1003 2091 1050 2121 ac
1061 2073 1219 2122 iterum
1234 2071 1446 2122 descendit
1476 2074 1599 2123 instar
1628 2073 1720 2121 olei
1748 2085 1819 2123 aiut

370 2149 498 2197 aquae,
531 2144 575 2187 &
592 2138 806 2202 colligitur
824 2137 1037 2204 supposito
1053 2138 1199 2200 aliquo
1210 2139 1300 2188 vase
1315 2135 1574 2201 Recipienti.

1522 2434 1825 2569 §.Aa
