1967 2833
374 74 451 84 ··
541 86 841 174 de-Oleo
866 88 1180 175 Viti-ioli.
1287 111 1291 116 ’
1378 121 1380 123 ’
1456 92 1673 206 234}

304 449 307 456 .
649 378 721 456 C
768 382 849 461 A
877 380 970 459 P.
1004 479 1008 482 Δ
1037 373 1202 456 ΧΙ.
1594 451 1600 456 .

217 574 220 579 ·
277 532 620 618 Modus
657 531 822 613 alius
862 529 1154 643 diversus
1182 527 1585 646 segregandi

720 643 1109 726 Elementa.

315 821 467 871 Uidam
484 823 831 885 praeproperantia
846 821 1006 883 impulsi
1021 821 1217 871 distillant
1236 824 1261 870 εὶ
1279 822 1529 872 σὴεΙςειῃῑῇο
1560 825 1651 873 ele-

315 902 453 934 menta
468 887 612 934 omnia
629 886 670 935 in
684 902 814 934 unum
830 887 1015 939 confusa,
1048 886 1163 946 quod
1183 887 1302 933 unica
1316 886 1402 935 vice
1419 904 1546 949 agunt
1573 889 1649 936 de·

199 946 318 1005 inde,
350 949 467 1010 quod
480 949 719 999 distillatum
736 953 808 1005 est,
840 957 882 997 &
904 950 947 995 in
965 951 1178 996 confusum
1196 948 1319 997 habet
1332 965 1486 997 omnes
1513 967 1650 1013 partes

198 1011 465 1072 qualitatesve
481 1011 607 1068 dicas,
635 1028 704 1060 tot
720 1013 829 1060 inter
844 1014 884 1058 se
902 1011 1126 1059 contrarias
1138 1027 1264 1074 prout
1280 1013 1494 1062 elementa
1507 1018 1648 1077 segre·

196 1088 316 1134 gant,
356 1076 455 1125 &in
473 1076 783 1139 fingulasipfius
797 1074 1129 1134 distillatipartes
1157 1071 1468 1123 rectificatione
1501 1076 1647 1124 distin-

194 1152 338 1197 guunt.
397 1138 613 1199 Inprimis
631 1138 772 1200 itaque
798 1136 1038 1185 recondunt
1068 1137 1363 1186 chalcanthum
1395 1140 1646 1198 contritum,

195 1197 352 1262 absque
369 1202 446 1247 alia
474 1203 775 1264 praeparatione
803 1201 974 1248 crudum
1003 1201 1234 1262 appellant,
1269 1201 1501 1251 inveficam
1516 1207 1643 1252 vitre-

193 1278 262 1310 am
290 1280 455 1317 curvam
482 1280 550 1310 aut
578 1264 622 1312 in
651 1263 897 1311 cucurbitam
926 1265 955 1310 fi
990 1263 1113 1310 satius
1145 1264 1324 1312 arrideat
1353 1265 1399 1312 in
1427 1265 1538 1314 latus
1567 1282 1639 1314 re-

192 1326 406 1384 clinicam,
439 1327 517 1374 etfi
533 1329 674 1374 calore
688 1325 808 1372 molli
823 1327 915 1375 fluit
930 1342 1031 1389 aqua
1046 1343 1092 1372 ac
1103 1327 1225 1373 facile
1244 1326 1487 1376 sublimatur
1517 1330 1638 1390 spiri-

191 1402 260 1434 tus
280 1405 408 1450 aquae,
435 1405 625 1438 attamen
641 1406 730 1439 non
747 1389 820 1439 nifi
835 1406 991 1451 magno
1010 1393 1194 1437 elevatur
1220 1392 1364 1438 calore
1393 1393 1537 1439 oleum
1569 1395 1637 1440 seu

190 1452 410 1513 pinguedo
424 1454 545 1514 ipsius
557 1453 753 1508 Vitrioli,
787 1469 913 1515 quare
928 1453 973 1500 in
989 1453 1179 1501 catinum
1193 1467 1329 1501 arenae
1361 1455 1504 1502 locant
1534 1454 1639 1503 boc-

189 1514 295 1563 ciam
313 1515 616 1579 subjiciuntque
632 1516 780 1578 ignem
797 1514 849 1561 ab
866 1517 997 1563 initio
1025 1516 1223 1574 mollem,
1248 1517 1398 1576 majori
1425 1518 1539 1565 enim
1566 1535 1638 1564 ca—

187 1579 281 1634 lore
299 1578 403 1628 haud
419 1579 543 1626 dubie
565 1578 1003 1628 citradistillationem
1018 1579 1251 1627 exundaret
1266 1580 1436 1628 materia
1452 1581 1573 1628 cruda
1586 1584 1638 1631 li·

186 1644 394 1702 quefffla,
430 1651 472 1692 &
489 1646 651 1702 prorsus
665 1641 940 1690 destrueretur
956 1658 1062 1704 opus
1080 1662 1090 1688 :
1118 1643 1267 1689 sensim
1290 1659 1392 1690 vero
1406 1643 1635 1692 exordiun-

184 1718 269 1760 tur,
294 1713 347 1754 ’δε
374 1721 450 1765 per
479 1704 627 1764 gradus
657 1706 867 1753 succeffive
896 1706 1100 1767 adaugent
1131 1706 1278 1766 ignem
1305 1706 1447 1753 donec
1460 1708 1635 1768 penitus

183 1767 285 1816 fluat
298 1766 489 1829 quicquid
507 1767 702 1814 distillare
718 1769 842 1828 poffit
857 1769 882 1814 ὲ
896 1768 1032 1827 primo
1048 1768 1217 1829 liquore
1245 1768 1294 1813 ad
1319 1783 1554 1816 extremum
1585 1770 1632 1819 in

183 1830 271 1877 uno
287 1847 333 1876 ac
342 1831 502 1887 ‚eodem
517 1835 604 1878 vase
623 1830 857 1891 recipienti,
888 1830 930 1878 in
948 1829 1165 1893 hoc'igitur
1182 1829 1363 1878 resident
1381 1832 1431 1879 ad
1446 1832 1628 1882 invicem

182 1896 351 1940 confusa
368 1894 516 1942 cuneta
532 1893 687 1941 vitrioli
701 1894 916 1939 elementa
932 1907 1208 1956 praeterquam
1222 1907 1344 1951 terra,
1375 1911 1463 1957 quae
1495 1896 1627 1944 adhuc

179 1959 286 2004 latet
304 1956 349 2004 in
366 1956 550 2013 faecibus,
582 1971 709 2017 quare
724 1955 773 2004 ab
790 1956 851 2003 eis
868 1956 1076 2013 elicietur,
1109 1972 1154 2003 ut
1184 1957 1289 2004 infra
1319 1958 1629 2007 demonstrabi-

178 2035 244 2067 tur
260 2039 274 2061 -·
306 2024 407 2066 Hoc
422 2034 564 2068 autem
580 2020 762 2081 primum
779 2018 997 2067 absolvunt
1013 2036 1121 2081 opus
1152 2020 1263 2067 horis
1289 2022 1395 2068 0610
1426 2037 1493 2069 aut
1519 2022 1627 2074 duo-

175 2083 319 2141 decim>
330 2085 446 2140 juxta
460 2082 721 2143 diligentiam
750 2083 996 2144 operantis:
1026 2084 1122 2131 Etsi.
1140 2082 1383 2144 quibusdam
1414 2084 1539 2132 labor
1564 2089 1625 2134 est

178 2148 308 2194 trium
324 2145 483 2195 dierum
499 2144 769 2193 nihilominus
796 2149 909 2202 sunt,
940 2147 1012 2208 qui
1043 2147 1215 2200 diutim,
1251 2155 1293 2196 &
1328 2147 1399 2208 qui
1431 2148 1554 2194 citius
1582 2154 1625 2197 se

176 2208 419 2270 expediunt,
453 2225 551 2256 nam
569 2207 848 2255 distillationis
863 2225 966 2270 opus
981 2210 1087 2257 varie
1104 2209 1351 2257 terminatur
1377 2211 1493 2268 juxta
1511 2213 1622 2274 peri-

178 2271 296 2330 tiam
327 2280 370 2322 δι
389 2271 569 2320 animum
583 2272 803 2333 operantis
834 2273 1189 2335 quemadmodum
1219 2276 1447 2322 attestatur.
1514 2275 1624 2338 Ovi}

174 2333 269 2382 dim
283 2334 357 2383 lib.
380 2354 422 2383 2.
440 2337 489 2382 de
506 2336 692 2392 Remed.
706 2350 796 2397 cap.
816 2355 860 2384 2.

391 2426 522 2472 Nam
537 2443 633 2472 cum
660 2422 828 2474 variant
846 2426 976 2475 animi
992 2424 1256 2473 variabimus
1274 2428 1422 2475 Artes.

914 2551 949 2597 L
967 2553 979 2598 l
996 2553 1012 2600 l
1048 2569 1074 2597 2
1455 2550 1619 2600 Idcirco
