1967 2833
602 102 606 107 ⁴
869 123 872 127 -
884 115 897 131 e

566 188 569 192 .
607 113 699 197 de
727 117 994 227 Pynte.
1465 136 1576 222 49

141 256 455 307 componuntur
470 240 557 289 haec
574 240 599 286 ὲ
614 242 818 306 potentiis
834 240 977 291 activis
1003 254 1346 303 corrumpuntur,
1376 239 1580 287 transmu-

144 323 301 364 tantur,
316 304 731 366 complexionantur,
765 314 809 356 &
825 319 1076 367 gener-antur
1094 324 1105 352 ι
1134 303 1234 352 dum
1262 303 1381 350 enim
1410 301 1581 349 virtutes

144 371 286 420 affivae
300 367 570 416 dominantur
584 368 627 415 in
646 370 827 430 paffiva3‚
857 367 1014 415 ducunt
1028 383 1098 415 eas
1125 366 1176 414 ad
1197 370 1378 414 formam
1409 364 1455 411 in
1485 362 1582 409 azau

146 449 237 496 quae
251 433 297 480 in
313 432 486 479 materia
498 431 644 479 eratin
658 431 867 494 potentia,
898 429 997 478 cum
1011 429 1120 487 nihil
1146 428 1257 476 aliud
1276 430 1327 476 fit
1361 424 1584 489 generatio

147 508 426 560 praeterquam
441 493 628 542 converti
644 510 735 542 rem
748 493 801 543 ab
817 509 875 541 eo
889 492 1001 555 quod
1016 496 1074 541 est
1090 492 1135 540 in
1152 491 1348 556 potentia
1363 489 1410 538 ad
1430 489 1585 542 aetum,

148 573 195 605 ut
213 559 329 607 reete
347 556 542 618 exposuit
557 557 816 623 Augustinus
830 555 999 619 Niphus
1011 555 1057 604 in‘
1070 558 1306 603 Averroem
1326 574 1337 601 :
1370 568 1458 616 quae
1485 551 1587 600 vero

148 636 203 668 ex
217 619 401 676 materia,
421 625 462 665 &
482 623 637 674 forma,
673 629 711 667 ἂ
735 635 887 681 agente
904 636 1047 667 natura
1063 618 1272 674 oriuntur,
1304 617 1497 664 dicuntur
1511 629 1588 675 ge·-

151 696 301 732 netata
317 703 331 740 ;
365 680 433 728 sed
448 681 588 730 omnia
602 698 806 743 generata
821 681 1062 730 nutriuntur
1077 681 1233 729 eisdem
1248 694 1302 728 ex
1315 676 1463 742 quibus
1483 679 1590 732 sunt,

152 744 364 795 mediante
379 748 534 802 calore,
566 760 610 791 ut
629 746 766 807 inquit
795 744 1070 808 Philosophm,
1090 743 1163 791 lib.
1185 763 1225 793 2.
1258 743 1306 790 de
1335 738 1592 790 Generatione

157 809 210 857 (ῤ’
225 809 259 854 C
262 805 501 871 orruptione‚
519 811 562 854 T
558 823 632 854 ext
653 828 726 868 50·
760 809 1051 870 Consequitur
1063 808 1167 870 ergo
1184 806 1358 855 metalla
1371 801 1523 852 nutriri
1537 816 1590 849 ex

153 874 229 920 suo
242 870 420 933 proprio
435 869 641 919 alimento
652 870 874 920 intrinseco
904 889 916 914 ε
944 885 1145 932 praeterea
1173 869 1345 917 metalla
1370 864 1589 915 abundant

153 935 276 997 aqua,
303 935 407 996 ergo
424 932 588 983 humida
603 938 711 985 sunt,
729 942 773 984 &
791 949 970 994 corpora
985 932 1151 981 humida
1167 932 1374 994 recipiunt
1389 943 1591 991 augmen*

156 1013 248 1044 tum
263 997 309 1043 in
327 997 563 1058 quantitate
586 1005 624 1044 δέ
642 997 930 1044 din·1inutione
949 1012 1068 1044 :nam
1085 1012 1187 1059 aqua
1209 1002 1259 1045 ,δε
1277 1009 1340 1042 ael·
1356 990 1590 1053 ingrossssmae

104 1114 107 1122 Ὺ
159 1075 225 1107 tur
243 1066 286 1108 δε
302 1060 448 1107 mollia
461 1062 555 1105 sunt
569 1075 747 1124 propter
763 1061 945 1108 calorem
980 1068 1023 1110 &
1055 1058 1182 1120 frigus
1203 1076 1215 1102 :
1243 1054 1507 1105 molleFaetio
1520 1069 1590 1098 au-

158 1136 251 1169 tem
271 1128 312 1168 &
328 1122 555 1183 groffitudo
569 1121 631 1168 nil
645 1123 755 1171 aliud
769 1125 827 1170 est
843 1124 971 1185 quam
989 1136 1259 1183 augmentum
1292 1129 1334 1169 &
1365 1115 1592 1165 diminutio

161 1186 254 1242 ejus
272 1186 569 1246 :consequitur
581 1187 685 1247 ergo
700 1188 796 1235 vere
808 1186 945 1247 augeri
962 1186 1133 1234 metalla
1150 1193 1193 1234 &
1210 1181 1411 1231 diminui:
1438 1196 1490 1227 ex
1505 1177 1594 1240 qui-

165 1246 240 1293 bus
255 1248 524 1309 conspicuum
534 1249 795 1310 est,reci-pere
809 1250 974 1296 metalla
989 1249 1252 1303 alimentum,
1267 1243 1383 1307 quod
1398 1244 1440 1292 in
1453 1255 1594 1289 totum

162 1325 313 1372 corpus
330 1311 556 1358 intrinsece*
575 1312 900 1373 ducitur,acper
927 1326 1070 1358 totum
1086 1310 1336 1356 distribuitur
1350 1323 1424 1370 per
1443 1304 1599 1352 radices

168 1381 212 1423 &
226 1389 352 1421 venas
370 1388 527 1434 organa
544 1373 790 1424 minerarum
824 1375 996 1435 propria
1026 1382 1068 1424 &
1086 1373 1287 1420 naturalia
1301 1387 1389 1431 quae
1421 1369 1600 1416 faculta-

167 1450 260 1482 tem
275 1434 434 1483 habent
451 1440 558 1483 suam
572 1435 816 1498 perficiendi
830 1438 1063 1492 actionem,
1083 1444 1125 1485 δι
1145 1431 1495 1495 quemadmodum
1509 1445 1601 1476 ma-

167 1514 273 1559 gnes
291 1497 393 1564 lapis
408 1499 551 1559 agit-in
565 1498 812 1547 attrahendo
839 1503 999 1548 fertum
1027 1498 1098 1557 (ut
1128 1498 1266 1560 gratia⁴
1296 1494 1482 1557 exempli
1505 1508 1605 1554 pro-

166 1560 271 1630 didit
291 1564 464 1609 Galenus
479 1562 552 1611 lib.-
569 1579 589 1608 1
601 1599 610 1608 .
629 1570 672 1612 δι
696 1584 735 1623 ς.
749 1563 798 1609 de
812 1562 910 1609 locis
925 1561 1098 1624 affestis‚
1117 1576 1206 1623 cap.
1229 1581 1274 1621 7.
1302 1558 1470 1608 evenire
1505 1571 1604 1602 cot-

167 1639 260 1685 pon
275 1623 482 1685 humano)
499 1627 550 1672 fic
563 1627 833 1673 metallorum
849 1629 1023 1673 facultas
1040 1625 1257 1672 attraetrix
1271 1622 1498 1684 peculiares
1514 1623 1603 1665 suc-

169 1702 244 1733 cos
257 1702 305 1733 ea
320 1688 453 1735 alendi
480 1688 604 1749 gratia
635 1691 798 1750 appetit
828 1697 870 1738 &
903 1689 1069 1738 attrahit
1088 1687 1201 1748 quod
1225 1685 1326 1734 inde
1354 1685 1605 1732 alimentum

168 1749 394 1819 perficiunt
409 1751 498 1799 aliae
514 1752 727 1800 facultates
742 1751 821 1799 five
834 1750 1037 1812 potentiae
1054 1753 1280 1799 naturales,
1323 1746 1491 1796 Verum
1507 1743 1605 1790 cum

171 1824 286 1860 intra
299 1826 454 1860 terram
473 1820 514 1860 &-
530 1815 637 1862 circa
651 1830 744 1862 eam
760 1815 807 1862 lit
824 1813 1023 1861 naturalis
1049 1813 1274 1875 generatio
1289 1826 1364 1873 per
1393 1807 1606 1856 succeffio-

173 1890 290 1930 nem,
312 1881 353 1921 &
374 1876 419 1921 in
438 1877 689 1937 longiffimis
705 1875 964 1939 temporibus
996 1878 1127 1924 multa
1154 1875 1292 1921 latent
1322 1875 1479 1920 multos
1505 1885 1610 1932 prae-

172 1937 317 2006 fertim
329 1936 375 1984 in
389 1954 471 1984 tam
491 1939 581 1986 rudi
595 1943 709 1988 mole
722 1940 767 1988 in
781 1939 894 1987 vastis
909 1937 1124 1987 montibus
1140 1951 1370 1996 eorumque
1383 1949 1455 1982 ant
1462 1934 1516 1984 ris
1527 1948 1609 1979 ex-

175 2002 334 2056 istente,
369 2002 499 2061 qualis
514 2004 572 2048 est
589 2003 632 2050 in
648 2002 818 2050 mineris
836 2017 936 2063 quas
950 2001 1069 2062 pauci
1083 1997 1528 2061 agnoscunt,quinimo
1541 2010 1612 2042 eas

177 2078 302 2123 quam
329 2066 498 2125 plurimi
532 2082 612 2127 pra:
642 2066 847 2113 immenso
876 2062 1021 2111 labore
1052 2070 1093 2109 &
1127 2060 1345 2124 dispendio
1383 2059 1611 2121 negligunt

179 2128 366 2187 quamvis
381 2126 431 2173 ab
447 2127 506 2174 eis
536 2131 670 2177 multa
701 2128 957 2188 colligantur
985 2125 1317 2174 medicamenta:
1343 2125 1614 2171 metallorum

179 2189 291 2237 enim
308 2198 352 2239 δι
371 2189 679 2238 metallicorum
696 2191 831 2253 praxis
848 2189 897 2238 ad
912 2188 1120 2252 publicam
1135 2187 1379 2242 utilitatem,
1392 2186 1615 2249 ipsamque

177 2252 377 2299 medendi
391 2254 629 2301 facultatem
646 2255 871 2316 plurimum
884 2256 1166 2308 confert,cum
1183 2250 1346 2298 nullum
1371 2251 1460 2296 fere}
1482 2245 1616 2294 medi-

160 2346 164 2352 ·
183 2330 422 2364 camentum
437 2315 490 2361 ab
505 2318 565 2363 eis
593 2317 782 2365 immune
808 2317 856 2363 lit
889 2335 903 2359 .·
947 2331 1038 2362 non
1068 2315 1211 2376 itaque
1227 2312 1380 2361 mirum
1408 2314 1468 2359 est
1482 2311 1510 2355 fi
1542 2310 1617 2356 hu-

183 2377 412 2434 juscemodi
425 2379 619 2428 homines
635 2395 689 2426 ex
704 2378 856 2428 incuria
870 2379 1075 2438 ignorent
1088 2377 1257 2425 metalla
1274 2374 1424 2424 habere
1435 2373 1619 2420 animam

186 2441 407 2500 vegetandi
423 2442 466 2490 in
482 2442 666 2500 mineris,
699 2441 853 2491 idcirco
865 2441 1110 2489 Avicenmu
1127 2439 1347 2503 appellavit
1378 2452 1472 2486 eam
1489 2435 1620 2484 mine-

187 2504 321 2552 ralem
347 2503 514 2555 inlitam
542 2507 589 2554 in
620 2506 797 2554 materia
827 2504 1037 2563 minerali,
1068 2506 1095 2552 a
1123 2518 1204 2566 qua
1216 2501 1419 2563 assumpfit
1448 2513 1625 2553 nornen,

932 2572 975 2614 H
1049 2578 1059 2581 “
1500 2576 1594 2623 prot
1608 2573 1629 2607 t
