1967 2833
927 110 939 125 ο
1016 105 1037 122 *ἢ
1538 106 1544 108 “

661 108 741 192 de
767 112 1045 221 Pyrite,
1506 134 1586 201 25

144 240 227 289 tile
258 251 439 300 corpora
455 237 497 285 in
514 237 727 283 flammam
743 250 986 292 vertuntur,
1019 247 1156 296 neque
1175 229 1217 283 in
1232 236 1411 290 fumum,
1444 246 1586 294 neque

147 302 199 348 ab
214 302 273 350 eis
290 300 512 348 humiditas
531 299 603 345 illa
622 297 805 346 radicalis
835 319 846 345 :
878 304 919 344 δε
941 298 1107 359 propria
1124 302 1331 359 separatur
1342 311 1481 358 neque
1497 310 1585 341 ma-

146 363 301 412 defacit
316 380 363 410 ea
376 364 559 410 existunt
573 376 754 424 corpora
783 360 1110 416 homoeomeria,
1140 359 1182 407 id
1211 363 1286 416 est,
1317 374 1412 406 cum
1439 357 1586 404 funili-

147 425 293 474 tudine
307 425 490 489 partium
505 439 720 486 procreata
739 441 750 469 ε
780 426 803 473 ὲ
818 423 981 473 diverso
993 437 1150 479 autem,
1179 420 1376 484 quaelibet
1394 421 1473 467 alia
1488 419 1585 467 fim-

146 494 245 551 plex
270 488 510 543 humiditaS,
544 502 614 534 aut
628 487 659 533 si
675 487 909 547 compotita
922 485 972 532 fit
989 485 1235 542 extrinseca,
1270 483 1585 546 aetherogenea-

147 567 248 612 que,
283 550 520 607 madefacit,
535 558 578 600 &a
595 548 836 605 absumitur,
867 548 996 597 etiam
1012 550 1042 596 fi
1057 548 1221 612 pinguis
1236 562 1325 597 non
1341 545 1449 596 bene
1464 562 1587 593 com-

148 614 264 661 mista
280 611 521 661 cremabilis
538 615 611 669 est,
644 625 712 660 aut
726 613 754 659 fi
774 627 898 674 pauca
932 611 1156 661 humiditas
1176 626 1219 658 at
1247 612 1432 657 multum
1464 623 1587 656 terrae

147 676 478 737 praedominetur
496 695 509 731 3
558 675 587 720 fi
610 673 845 736 ,liquefiant
888 674 1066 723 tandem
1091 672 1404 722 ‘comburuntur
1438 670 1588 732 absque

152 739 342 795 flamma,
374 753 418 785 ut
442 741 597 785 ferrum
614 745 657 789 ὅ(
675 735 778 800 lapis
798 757 812 793 ;
846 735 953 786 adeo
970 736 1085 798 quod
1100 736 1224 799 ignis,
1255 739 1323 783 vel
1339 735 1490 797 igneus
1519 749 1589 779 ca-

106 830 109 833 ·
149 802 221 848 lor
231 817 324 850 non
339 798 493 849 recedit
511 799 652 849 donec
665 803 833 862 prorsus
863 803 1167 849 consumentur
1186 821 1196 850 :
1225 812 1352 862 prout
1383 795 1590 858 conspici-

149 879 241 912 mus
257 863 425 913 evenire
442 880 494 910 ex
509 866 614 920 oleo
631 861 896 924 lampadiS‚&
913 862 1086 910 humido
1106 861 1272 911 radicali
1289 859 1591 914 Etim-eorum,

151 933 202 988 qi:
211 927 267 973 od
284 942 376 974 non
393 925 539 973 accidit
552 924 724 972 humido
742 924 910 973 radicali
921 926 1215 973 metallorum:
1244 926 1308 970 Ex
1333 921 1479 986 quibus
1493 920 1590 968 satis

152 992 322 1045 constat,
352 986 570 1049 colliquari
586 987 689 1049 igni,
724 1003 819 1034 non
834 986 968 1034 modo
984 989 1170 1045 metalla,
1185 996 1228 1037 ὅτ,
1245 987 1396 1034 vitrum
1423 1000 1589 1032 verum-

153 1052 280 1099 etiam
294 1051 451 1113 lapides
467 1051 709 1106 minerales,
740 1051 874 1097 modo
895 1051 1114 1097 metalium
1132 1051 1176 1097 in
1209 1052 1303 1098 actu
1333 1063 1402 1094 aut
1434 1048 1591 1095 vitrum

157 1111 333 1161 babeant
363 1130 429 1160 aut
459 1113 502 1161 in
535 1112 744 1174 potentia,
780 1128 961 1172 quorum
991 1113 1189 1161 meminit
1217 1111 1517 1173 Philosophum
1549 1124 1593 1154 tat,

155 1178 274 1238 supra
291 1198 303 1233 ς
334 1175 521 1238 quaedam
550 1176 683 1236 magis
699 1190 862 1231 tamen,
898 1171 1117 1237 minusque
1145 1175 1306 1231 durant,
1337 1187 1465 1236 prout
1491 1186 1592 1232 per-

153 1241 269 1287 fe&e
285 1239 367 1285 fixa
384 1241 475 1285 sunt
488 1240 553 1285 vel
576 1254 668 1285 non
689 1240 870 1299 :Neque
886 1238 947 1285 his
963 1237 1129 1286 obstant
1146 1244 1320 1285 Galenus
1337 1245 1379 1287 &
1396 1240 1591 1282 Alexan-2

157 1304 244 1359 der,
276 1303 462 1363 quamvis
478 1301 538 1348 iffi
554 1302 630 1349 viri
645 1301 802 1362 egregii
818 1300 998 1348 dixerint
1013 1317 1106 1349 non
1135 1301 1254 1349 fundi
1287 1300 1486 1364 lapidem,
1517 1297 1594 1344 nifi

158 1366 370 1412 contineat
387 1364 433 1410 in
451 1367 489 1409 se
508 1365 727 1413 metallum
745 1379 813 1410 aut
827 1364 906 1411 vitr
924 1381 994 1421 m,
1026 1365 1125 1412 <iim
1141 1380 1234 1411 non
1251 1365 1404 1410 lateret
1434 1377 1510 1407 eos
1528 1377 1595 1407 re·-⁴

158 1426 285 1488 periri
299 1426 481 1489 lapidem
498 1427 776 1484 metallicum,
811 1427 963 1474 achivi
979 1428 1158 1474 metallo
1173 1432 1344 1483 foetum,
1356 1439 1530 1474 necnon
1550 1430 1595 1472 δι

161 1490 288 1538 alium
303 1490 480 1537 existere
494 1489 646 1551 absque
666 1490 968 1538 a&ua11fosma
997 1490 1163 1538 metalli
1188 1489 1249 1536 ob
1275 1490 1457 1536 materiae
1485 1485 1598 1533 indi-

162 1552 412 1614 gestionem,
443 1551 540 1614 cum
555 1553 775 1599 metallum
790 1553 835 1608 in
853 1567 909 1598 eo
925 1553 1019 1605 infit
1032 1553 1074 1601 in
1090 1553 1287 1613 potentia
1304 1571 1315 1597 :
1343 1568 1395 1598 ex
1411 1552 1463 1600 hu
1468 1552 1598 1609 jusce-

162 1615 280 1661 modi
292 1615 407 1662 enim
425 1615 683 1677 reperiuntur
698 1615 852 1676 lapides
881 1615 1109 1665 minerales
1127 1617 1200 1677 qui
1223 1630 1435 1676 nunquam
1450 1627 1598 1675 perve-

163 1679 288 1726 niunt
304 1680 352 1725 ad
369 1678 678 1739 perfeclionem
695 1677 931 1738 acquirendi
945 1682 1122 1730 formam
1139 1678 1455 1732 metalliferam‚
1472 1674 1596 1724 nihil-

161 1740 332 1787 omin=·s
345 1755 623 1802 nuncupantur
638 1741 926 1804 metaphorice
946 1741 1114 1788 metalla
1132 1763 1146 1796 3
1184 1757 1283 1788 nam
1296 1740 1394 1789 licet
1410 1755 1501 1786 non
1517 1739 1599 1784 sint

163 1806 350 1859 metalla,
380 1803 639 1850 deducimur
654 1817 796 1850 tamen
813 1806 839 1851 a
855 1804 1064 1850 metallica
1079 1804 1253 1852 materia
1272 1822 1285 1847 :
1317 1800 1599 1863 quamobrem

166 1869 343 1931 Galerius
355 1865 475 1924 lib.9.
494 1867 544 1913 de
559 1866 751 1928 Simplic.
769 1866 942 1914 Medic.
953 1866 1152 1928 facultat.
1171 1870 1252 1913 loco
1268 1867 1314 1912 de
1328 1867 1362 1911 C
1365 1862 1598 1918 halcamho,

167 1929 209 1975 in
226 1931 260 1974 C
261 1933 348 1975 alce
364 1928 523 1991 capitis,
541 1929 694 1988 inquit,
727 1929 978 1977 Meminetis
1008 1945 1151 1978 autem
1179 1928 1293 1988 quod
1319 1928 1368 1975 ad
1401 1927 1601 1974 finistram

168 2007 335 2040 manum
349 1992 617 2051 conspechim
631 1991 757 2039 nobis
771 1991 946 2041 dixerim
960 1993 1181 2040 metallum
1195 1994 1366 2047 Soreos,
1381 1988 1601 2038 Chalc-ite-

169 2070 236 2110 ος,
269 2063 312 2104 δι’
328 2054 476 2100 Mifios
496 2072 507 2098 ε
538 2053 618 2100 hoc
632 2058 705 2110 est,
739 2069 1022 2103 atramentum
1036 2055 1296 2102 metallicum
1314 2055 1359 2101 in
1375 2070 1459 2101 tres
1476 2050 1600 2098 diffe-

170 2117 328 2165 rentias
344 2117 525 2173 divisum,
557 2116 673 2178 quod
688 2116 874 2163 funditur
886 2119 990 2178 igni,
1015 2133 1094 2165 nec
1109 2132 1248 2166 tamen
1266 2117 1313 2165 ab
1327 2131 1382 2162 eo
1398 2117 1491 2162 fluit
1509 2131 1602 2162 me-

171 2180 323 2239 tallum
338 2195 477 2239 neque
493 2180 645 2226 vitrum
664 2198 674 2223 :
704 2178 820 2240 quod
838 2196 999 2241 argumc
1007 2195 1089 2228 nto
1103 2183 1162 2229 est
1187 2176 1445 2228 intellexisse
1460 2178 1513 2226 de
1540 2179 1596 2227 la-

169 2241 267 2303 pide
282 2242 442 2288 metalli
455 2256 544 2289 tam
559 2242 604 2288 in
620 2242 830 2302 potentia,
863 2243 989 2304 quam
1003 2243 1047 2291 in
1064 2245 1173 2300 acin,
1193 2242 1232 2289 &
1253 2243 1282 2289 fi
1299 2242 1481 2291 dixerint
1497 2255 1603 2305 prae-

172 2304 385 2355 floxi-inati
400 2305 624 2369 nonfundi
640 2304 820 2366 lapidem
835 2305 910 2352 nisi
928 2306 1022 2353 infit
1040 2307 1085 2354 in
1112 2322 1168 2353 eo
1189 2307 1411 2353 metallum
1443 2320 1512 2352 aut
1542 2306 1605 2352 vi-

173 2384 303 2425 trum,
338 2366 417 2413 hoc
429 2373 544 2428 aeque
560 2368 887 2429 pronuntiarunt
904 2370 1092 2441 respeciu
1110 2369 1252 2432 lapidis
1270 2372 1333 2419 vel
1364 2381 1480 2417 terra:
1509 2371 1606 2418 sim-

173 2430 421 2502 plicis-‚quod
435 2446 488 2476 ex
506 2432 713 2496 praediffirz
729 2434 886 2480 conflat
905 2435 997 2480 satis
1014 2435 1202 2493 pianum.
1271 2439 1415 2493 Qare
1443 2447 1605 2495 operae-

174 2508 354 2555 pretlum
369 2491 476 2542 duco
492 2498 664 2548 discrete*
683 2494 880 2545 affumere
895 2493 1053 2554 Galeni,
1085 2506 1128 2548 &
1152 2496 1422 2550 ssAlexandri
1436 2498 1609 2547 senten·

875 2563 910 2606 E
1494 2560 1615 2618 tiam,
