1967 2833
999 111 1012 127 C

725 110 809 191 de
835 112 892 195 P
904 137 1110 222 yrite.
1575 137 1599 182 1
1615 133 1673 210 13

226 253 374 301 aquam
404 237 762 301 Philosophicam,
806 254 954 301 aquam
984 237 1153 301 stygiam
1172 249 1284 290 mare
1301 232 1462 282 acidum
1478 268 1492 290 ,
1524 246 1675 292 aquam

232 303 344 349 roris
360 302 500 358 madii,
532 317 680 362 aquam
707 303 856 357 vivam,
887 310 941 351 ὅθ
961 304 1123 354 siccam,
1155 314 1301 359 aquam
1333 308 1678 359 permanentem,

236 372 280 413 ὅ(
297 368 541 428 perennem,
574 379 719 425 aquam
735 364 947 419 mercurii,
979 377 1198 425 argentum
1228 361 1382 416 vivum,
1412 358 1618 406 minerale
1631 371 1678 402 a-

233 426 410 483 nimale,
447 436 490 477 ὅ(
509 426 744 487 vegetabile
761 443 897 474 ortum
913 429 938 473 a
954 428 1054 476 vino
1087 423 1216 472 rubro
1245 424 1312 472 vel
1346 422 1462 482 albo,
1492 423 1680 467 Acetum

231 490 494 545 acerrimum,
525 491 718 550 quintam
748 489 963 538 effentiam
980 524 993 546 ,
1024 487 1234 542 elixirem,
1268 484 1512 539 balsamum,
1544 481 1681 535 alkali,

237 553 459 599 Tartarum
477 552 846 614 Philosophorum,
881 554 952 614 qui
965 552 1112 599 omnia
1125 550 1292 605 metalla
1312 547 1467 596 reducit
1498 548 1539 594 in
1565 558 1681 592 met⁴

234 613 392 683 curium
403 614 760 672 vitae,mercurium
778 614 1147 676 Philosophorum,
1184 612 1431 659 mercurium
1448 610 1681 659 animatum

237 691 496 732 orizontem,
527 682 615 724 Vas
633 680 867 734 Hei-metis,
881 679 963 724 haec
977 677 1121 724 omnia
1137 679 1231 722 sunt
1248 690 1374 723 unum
1401 686 1682 734 nuncupatum

237 753 310 796 aes,
332 739 555 801 magnesia,
585 756 749 801 purum,
779 757 936 800 aurum,
970 749 1014 790 &
1033 753 1276 801 argentum,
1306 752 1397 784 non
1429 738 1469 785 in
1483 752 1529 782 ea
1544 737 1682 781 forma

238 815 319 861 qua
333 801 468 848 oculis
484 802 686 860 cernitur,
715 804 787 853 sed
800 820 877 865 qua
893 804 940 852 in
950 802 1203 851 mercurium
1218 799 1458 848 diss'olutum
1484 801 1545 845 est
1573 811 1683 843 con-

240 864 384 933 tinens
399 865 439 914 in
455 868 496 912 se
508 880 656 914 omnes
673 868 843 915 colores
859 860 1019 921 mindi,
1055 874 1096 916 δι
1118 864 1264 910 omnia
1279 863 1449 910 metalla
1467 864 1511 908 in
1525 873 1684 923 poten-

240 940 328 975 tia:
355 927 633 988 quamobrem
654 929 762 977 nihil
777 936 835 978 est
848 929 894 977 in
908 927 1069 976 mundo
1086 924 1313 975 mirabilius
1331 925 1402 972 hac
1418 922 1593 972 materia
1619 923 1682 967 la-

239 989 376 1051 pidis:
405 985 562 1037 idcirco
593 1007 639 1038 ut
654 992 910 1041 occultarent
923 1008 1016 1039 eam
1031 988 1292 1052 Philosophi,
1320 1005 1377 1034 ne
1405 987 1457 1033 ab
1485 984 1684 1048 insipien·-

240 1051 357 1099 tibus
374 1055 627 1115 agnoscatur,
661 1071 754 1103 non
769 1055 942 1116 proprio
956 1054 1136 1102 nomine
1154 1050 1320 1113 loquuti
1333 1054 1428 1098 sunt
1441 1051 1494 1097 de
1511 1065 1575 1104 ea,
1607 1047 1677 1094 sed

243 1112 486 1177 ambagibus
501 1116 722 1166 verborum
735 1117 979 1179 diversisque
996 1117 1165 1166 vocibus
1194 1116 1250 1161 uli
1273 1116 1367 1160 sunt
1395 1112 1575 1163 eandem
1595 1126 1683 1157 rem

242 1178 487 1239 signantes.-
517 1184 812 1230 Veruntamen
842 1180 936 1229 nea
959 1177 1271 1228 filiis-dotstrinae
1303 1176 1523 1238 ignoretur
1537 1173 1685 1235 praedi-

242 1240 340 1297 ctis,
368 1249 412 1292 ὅ(
428 1241 516 1289 aliis
532 1242 761 1291 innumeris
777 1243 1018 1292 nominibus
1031 1257 1177 1292 eorum
1192 1238 1343 1302 quibus
1357 1238 1684 1287 affimulaverunr

241 1319 338 1351 eam
351 1305 616 1368 appellarunt
632 1305 849 1356 materiam
877 1306 1022 1368 lapidis
1058 1320 1133 1370 per
1163 1303 1496 1364 descriptionem
1524 1303 1683 1347 suarum

243 1365 427 1416 radicum
440 1381 486 1413 ut
502 1372 562 1416 est
577 1372 719 1433 legere
736 1370 782 1418 in
796 1368 912 1418 turba
927 1366 1312 1430 Philol'ophorum‘:
1341 1365 1418 1411 etfi
1434 1367 1583 1412 innexa
1603 1364 1685 1407 im-

243 1430 478 1493 plicataque
496 1432 600 1483 adeo
615 1447 810 1496 apparent
825 1447 871 1478 ut
891 1432 956 1481 vix
969 1433 1200 1479 multorum
1215 1443 1420 1478 annorum
1446 1425 1579 1475 studio
1608 1425 1684 1471 hu-

243 1492 427 1553 jusmodi
440 1494 737 1544 vocabulorum
771 1495 1023 1557 significatio
1054 1494 1140 1542 erui
1167 1493 1289 1555 poffit
1316 1509 1328 1536 τ
1355 1490 1461 1539 unde
1489 1494 1688 1550 pleraque

241 1556 321 1605 alia
336 1557 478 1604 referri
491 1555 676 1618 possent,
708 1574 797 1620 quae
811 1557 995 1607 studiosis
1014 1556 1210 1618 relinquo
1222 1571 1269 1602 ut
1286 1555 1337 1602 de
1351 1554 1413 1600 his
1429 1551 1565 1601 obiter
1589 1566 1688 1612 per·

242 1620 369 1667 cursis
382 1635 601 1682 praetereat
619 1625 754 1669 sermo
769 1641 780 1667 :
809 1620 986 1669 sat-'mihi
999 1622 1057 1667 est
1072 1617 1258 1668 definisse
1289 1616 1575 1666 marchefitam
1590 1613 1686 1662 nul·

242 1686 328 1733 lam
354 1686 439 1731 effe
455 1685 674 1733 materiam
691 1683 835 1747 lapidis
847 1682 1213 1745 Philosophorum,
1231 1697 1372 1742 neque
1387 1679 1593 1734 elixirem,
1605 1693 1685 1724 ne-

243 1761 327 1808 que
341 1744 527 1807 praestare
541 1748 770 1797 tincturam
787 1747 967 1795 metallis
981 1760 1257 1808 praeterquam
1276 1743 1549 1807 sophisticam,
1559 1753 1688 1802 prout

243 1810 331 1868 jam
346 1809 522 1870 superius
539 1811 792 1873 explicatum
808 1810 887 1858 fuit
902 1811 1146 1868 testimonio
1161 1807 1291 1856 Gebri
1316 1805 1464 1855 summi
1490 1805 1691 1853 Philoso-

245 1871 319 1934 phi
336 1889 347 1917 :
379 1886 505 1934 quare
523 1888 611 1921 tam
626 1878 960 1924 consentaneum
975 1876 1033 1923 est
1046 1888 1165 1922 exea
1180 1872 1272 1921 fieri
1289 1872 1485 1918 sinceram
1504 1869 1687 1916 realem-

246 1950 331 1996 que
347 1935 571 1984 tincturam
586 1952 712 1998 quam
726 1937 830 1985 ebur
846 1952 1089 1986 atramento
1102 1934 1344 1983 candescere
1362 1950 1373 1978 ε
1391 1931 1540 1979 eadem
1560 1945 1690 1991 appa-

246 1998 388 2048 rentia
402 2000 713 2062 ostentationis,
748 2009 791 2052 &
809 2004 972 2061 questus
988 2003 1102 2052 causa
1120 2000 1292 2060 fingunt
1311 1995 1483 2057 lapillos
1512 2009 1565 2040 ex
1582 2009 1691 2040 mar-

246 2060 398 2109 chefita
412 2065 652 2111 emulantes
666 2080 962 2127 gemmascum
978 2079 1022 2111 re
1035 2077 1128 2110 vera
1142 2062 1231 2109 non
1258 2059 1324 2122 sit,
1355 2059 1431 2106 etsi
1459 2057 1600 2122 porior
1634 2059 1694 2102 est

248 2123 492 2179 marchefita
507 2125 778 2176 inficicolore
790 2122 956 2178 alterius
968 2123 1131 2191 lapidis*
1153 2129 1217 2172 vel
1242 2120 1453 2186 pigmenti
1486 2119 1696 2170 mineralis

246 2185 307 2234 ob
320 2188 589 2249 sympathiam
603 2207 682 2252 qua
696 2191 890 2241 convenit
915 2206 1010 2238 cum
1031 2186 1321 2244 mineralibus,
1354 2192 1397 2235 δε
1433 2183 1533 2231 ideo
1562 2184 1692 2245 saepe-

248 2266 429 2299 numero
444 2251 618 2301 intuitus
634 2263 721 2304 lum
736 2269 844 2303 cum·
858 2271 910 2304 ea
919 2254 1029 2303 fieri*
1044 2250 1200 2314 lapides
1213 2248 1409 2313 pulchros
1424 2246 1491 2295 sed
1507 2246 1698 2308 sophisti-

249 2326 480 2385 c0s‚prout
507 2317 773 2378 sequentibus
800 2317 1010 2380 exemplis
1034 2313 1347 2375 deprehendere
1377 2308 1576 2375 poteritis
1608 2326 1620 2352 ε
1650 2307 1713 2356 in'

186 2402 189 2404 -
225 2386 229 2389 ·
246 2391 394 2436 prmus
411 2393 555 2440 itaque
567 2396 611 2428 ut
625 2380 700 2443 fiat
715 2381 947 2443 lapis-aurei
964 2379 1139 2426 coloris.
1190 2402 1193 2404 -
1234 2401 1236 2403 ·
1594 2429 1596 2431 v

292 2440 439 2508 ,Gape
456 2444 550 2501 salis
562 2446 800 2493 communis
815 2446 979 2493 unciam
992 2459 1039 2489 ac
1056 2440 1238 2493 totidem
1257 2435 1566 2501 auripigmenti,
1598 2448 1700 2482 mox

249 2511 364 2561 ῑῐῑῑᾶ»
396 2507 687 2559 &commixta
701 2511 790 2559 haec
804 2509 1047 2560 claudantur
1060 2506 1104 2556 in
1133 2502 1356 2554 crucibulo
1383 2500 1545 2551 fusorio
1562 2497 1706 2561 perlu-

986 2575 1056 2631 (ζ
1597 2574 1706 2615 tat0,
