1967 2833
292 104 419 187 '128
686 94 987 185 Sebunda
1004 98 1380 218 Distriptio

295 228 514 277 tationem
528 241 583 274 ex
596 226 691 290 ipso
701 224 895 290 Chalcity
909 242 1034 289 atque
1045 245 1098 278 ex
1113 230 1284 292 singulo
1307 240 1542 278 atramento
1568 229 1733 293 sutorio

297 306 385 340 tam
400 289 584 346 ῑεᾶὶιίο,
619 304 746 353 quam
756 290 902 339 Foffili
927 290 1154 341 efflorescit
1184 292 1393 348 Αυέὶοεε,
1423 294 1572 340 Galeno
1586 294 1669 342 [ὅσα
1685 295 1735 341 de

299 354 335 401 C
337 352 564 409 halcantho,
593 353 740 414 Inquit
756 351 871 401 enim
888 351 1194 404 Chalcanthum
1210 356 1460 402 commutari
1485 355 1531 402 in
1563 352 1743 405 Chalci-'

301 415 396 473 tim,
431 422 474 466 δε
494 415 594 462 inde
610 416 650 462 C
657 414 845 462 halcitim
859 414 1069 464 succeffive
1083 418 1189 463 verti
1204 415 1246 465 in
1262 416 1403 463 Mifim
1417 433 1432 459 .-
1465 416 1597 476 Qod
1612 432 1738 481 repe·

304 477 358 526 tit
374 476 598 543 Agricola,
611 474 684 525 lib.
706 478 807 536 3.⁷de
825 482 999 527 Natura
1012 477 1242 538 Foffilium,
1257 481 1354 524 Hoc
1366 478 1498 526 etiam
1512 480 1741 542 multiplici

304 540 568 603 experientia
586 541 789 588 ostensum
802 540 901 597 fuit,
933 555 986 587 ex
1000 542 1152 602 quibus
1182 540 1277 589 satis
1305 543 1466 589 constat
1489 557 1586 589 non
1620 545 1737 603 poss'e

298 602 620 656 -Chalcanthum
635 601 876 663 promoveri
891 601 940 649 ad
954 606 1137 651 formam
1150 604 1280 665 Misy,
1306 602 1382 649 nili
1395 603 1507 664 prius
1535 604 1744 652 Chalcitis

306 665 493 722 evaserit,
523 665 679 712 eodem
692 664 825 713 modo
843 665 1081 726 intelligere
1098 664 1301 714 debemus
1315 665 1558 726 promoveri
1569 666 1686 715 inter
1698 672 1745 715 se

304 729 463 791 species
475 728 700 776 atramenti
712 726 931 785 metallici,
954 743 1040 790 quae
1056 742 1310 777 tamennon
1322 728 1747 791 retrocedunt‚quare

303 807 449 852 neque
465 793 572 852 Sory
589 792 732 838 tranfit
745 789 785 839 in
801 790 945 838 Misim
972 790 1047 838 n-ifi
1076 790 1187 853 prius
1216 791 1290 839 fiat
1319 789 1527 838 Chalcitis
1544 804 1566 838 v:
1595 791 1744 841 eadem

309 854 560 905 asseruerunt
592 851 771 907 ArabeS‚
805 861 849 903 δι
879 870 973 901 cum
987 853 1148 899 Graecis
1165 852 1215 900 ad
1230 868 1415 914 unguem
1441 868 1751 913 convenerunt,

309 916 494 979 quamvis
526 913 814 977 insipientibus
831 951 845 971 ‚
873 919 992 962 ¹secus
1020 929 1087 962 res
1116 920 1158 963 se
1186 914 1336 962 habere
1367 914 1571 972 videatur,
1602 917 1749 978 inepte

308 980 598 1028 ,existimarunt
624 978 743 1024 enim
773 976 854 1026 effe
879 976 1042 1026 Arabes
1067 978 1232 1025 ratione
1262 977 1447 1035 oblit03‚
1476 986 1520 1028 δι,
1549 980 1574 1024 ὲ
1599 993 1749 1027 mente

304 1045 561 1091 :Graecorum
579 1042 710 1102 longe
722 1040 884 1088 alienos
898 1039 1102 1096 evuiaffe,
1131 1055 1187 1087 ex
1203 1038 1350 1102 quibus
1363 1043 1574 1101 praestatur
1588 1043 1759 1088 occasiov

314 1103 623 1163 demirationis,
654 1119 749 1151 cum
763 1103 918 1151 fuerint
933 1101 1320 1160 Arabesinliteris‚
1354 1110 1398 1153 ὅ(
1427 1103 1473 1151 in
1487 1104 1757 1164 experimen·

307 1168 369 1218 stis
394 1167 552 1224 versati,
582 1163 857 1229 quamobrem
884 1165 913 1211 fi
940 1165 1064 1213 altius
1088 1166 1423 1225 introspiciamus
1449 1181 1596 1214 eorum
1610 1182 1758 1228 opera,

317 1231 616 1292 memoriaeque
628 1226 1508 1293 revocemussummos‚fuiss‘evPhilosophos
1534 1245 1582 1276 ac
1612 1231 1756 1278 Medi-

316 1295 417 1343 cinae
435 1294 669 1354 magistros,
703 1307 787 1338 nec
802 1306 897 1339 non
915 1292 1042 1339 etiam
1058 1292 1307 1341 Graecorum
1322 1296 1515 1354 sequaces
1544 1284 1695 1349 fuisses
1709 1309 1759 1340 ut

318 1361 569 1408 attestantur
583 1369 733 1402 eorum
747 1354 896 1415 scripta
908 1352 1062 1415 ubique
1077 1352 1405 1404 demonstrantia
1419 1353 1566 1402 imitari
1580 1356 1759 1417 Graecos

317 1422 627 1485 praesertimque
645 1421 861 1476 Galenum,
884 1417 1003 1464 facile
1018 1415 1381 1477 deprehendemus
1402 1416 1626 1479 depravata
1640 1417 1757 1466 fuisse

317 1485 507 1532 ,Arabum
522 1497 651 1542 opera
664 1478 717 1530 ab
728 1494 877 1529 eorum
889 1479 1193 1541 expositoribus
1209 1479 1269 1527 ob
1295 1480 1444 1541 linguae
1470 1478 1658 1535 Arabica:
1674 1481 1759 1528 dif-

320 1547 585 1594 ficultatem:
615 1543 780 1591 Arabes
795 1542 915 1590 enim
928 1541 984 1589 usi
998 1546 1163 1592 fuerunt
1192 1542 1435 1591 nominibus
1458 1542 1578 1600 juxta
1608 1559 1760 1591 eorum

320 1609 538 1664 idiomata,
569 1624 621 1655 ex
635 1604 782 1669 quibus
796 1606 904 1653 male
920 1605 1149 1667 perceptis,
1179 1622 1226 1654 ac
1240 1606 1364 1669 pejus
1381 1619 1434 1653 ex
1465 1603 1599 1651 licatis
1615 1606 1758 1655 inole-
1816 1649 1819 1651 ,

323 1673 382 1720 vit
400 1672 568 1733 opium,
604 1677 645 1717 ὃς
664 1669 868 1731 persuasio
882 1668 1089 1729 plerisque
1104 1666 1411 1716 somniantibus
1454 1670 1612 1729 eceptis
1628 1670 1654 1715 εὶ
1666 1684 1762 1717 cor-

325 1736 461 1796 ruptis
477 1738 668 1795 maleque
684 1731 879 1780 traduffis
894 1729 1196 1793 exemplaribus
1211 1730 1436 1779 mendaces
1462 1727 1581 1778 fuiss‘e
1594 1729 1762 1779 Arabes

323 1813 555 1857 eorumque
573 1795 717 1856 scripta
747 1791 924 1841 librosve
953 1794 1096 1841 multis
1128 1792 1338 1841 erroribus
1368 1795 1554 1842 scatere:
1578 1793 1762 1855 proinde
1834 1828 1837 1830 -

326 1859 486 1910 Arabes
515 1875 605 1907 non
635 1856 766 1906 modo
799 1855 957 1916 inique
976 1855 1186 1903 criminati
1213 1859 1382 1903 fuerunt
1395 1857 1624 1904 errorurna
1638 1857 1761 1904 fatuis

326 1923 469 1986 quide
481 1921 540 1968 eis
557 1922 666 1969 male
682 1923 896 1967 senserunt
913 1936 928 1960 .·
946 1923 1109 1967 Verum
1136 1918 1266 1965 etiam
1296 1918 1486 1968 Arabum
1516 1918 1764 1979 austeritate

328 1988 453 2036 nixos
470 1998 625 2032 omnes
643 1982 817 2030 tandem
831 1996 981 2028 eorum
994 1985 1189 2042 sequaces
1210 1982 1256 2028 in
1272 1980 1451 2028 eandem
1465 1983 1632 2029 foveam
1646 1979 1766 2029 tuiss'e

329 2051 590 2111 divulgarunt
606 2065 617 2091 z
645 2045 845 2107 profed'to
858 2058 1003 2091 tamen
1018 2043 1207 2105 proniori
1225 2046 1335 2105 lapsu
1347 2042 1582 2091 extiterunt
1597 2045 1767 2109 exposi-

331 2127 468 2168 tores,
500 2111 574 2172 qui
588 2124 730 2170 neque
746 2104 881 2162 verba,
912 2121 1052 2167 neque
1068 2120 1266 2154 mentem
1277 2104 1468 2153 Arabum
1485 2107 1602 2154 reae
1616 2122 1766 2168 perce-

331 2167 499 2240 perum,
530 2172 573 2219 hi
589 2170 785 2219 nimirum
801 2168 969 2217 absurda
996 2169 1205 2226 dixerunt,
1234 2167 1506 2231 quamobrem
1531 2184 1627 2215 non
1651 2167 1763 2216 audi-

332 2237 434 2286 endi
451 2241 568 2291 sunt,
596 2233 664 2280 sed
693 2230 951 2293 repudiandi5
982 2246 1050 2278 aut
1080 2232 1229 2280 saltem
1256 2229 1512 2292 corrigendi,
1544 2229 1700 2280 bivero
1722 2236 1768 2280 se

331 2300 444 2363 ipsos
457 2298 674 2350 damnare,
705 2310 800 2342 non
817 2293 1086 2358 prospiciunt,
1117 2309 1211 2342 cum
1239 2294 1268 2340 fi
1283 2292 1476 2355 diligenti
1489 2292 1679 2342 examine
1688 2294 1768 2343 ad-

296 2362 299 2363 ’
336 2361 553 2414 notassent
566 2359 675 2406 diem
693 2355 880 2406 Arabum
895 2356 1130 2408 mehercule
1145 2356 1347 2418 aequiores
1364 2357 1410 2402 in
1437 2354 1660 2402 censendis
1689 2371 1767 2404 eo-

337 2441 430 2475 tum
445 2423 595 2483 scriptis
612 2419 800 2476 fuissent,
827 2418 896 2467 sed
908 2419 1020 2467 nulla
1038 2434 1105 2466 res
1119 2418 1315 2480 equidem
1328 2417 1490 2465 inclusit
1518 2430 1596 2464 eos
1619 2417 1667 2466 in
1697 2435 1769 2467 er-
1814 2440 1815 2443 ¹
1886 2416 1890 2421 ’

264 2514 268 2519 ’
335 2504 437 2543 rore
452 2485 599 2548 magn,
630 2498 755 2546 quam
782 2481 1002 2533 nominum
1025 2480 1349 2540 multitudo„&
1366 2479 1572 2534 diversitas
1595 2499 1609 2529 ι
1638 2498 1769 2544 quan·

1641 2560 1763 2608 quam
