1967 2833
691 64 772 148 de
797 68 1071 179 Pyrite.
1570 96 1609 159 ς

167 218 263 250 rum
279 213 305 244 :‘
322 200 505 259 Qare?
536 198 688 257 Vapor
717 193 790 241 iste
821 194 975 242 merito
1001 192 1153 242 dicitur
1180 187 1303 238 tertia
1332 189 1608 253 proximaque

168 262 445 312 metallorum
462 257 638 308 materia
652 274 668 298 -·
698 255 821 314 hujus
832 257 936 305 vero
951 255 1125 317 duplicis
1154 254 1318 317 vaporis
1336 270 1441 300 unus
1457 258 1515 302 est
1532 255 1608 300 hu-

168 325 306 373 midus
318 321 489 371 viscidus
508 329 550 371 δε
569 334 715 375 tenaX,
747 317 960 381 habetque
976 319 1131 381 aliquid
1147 316 1278 366 terrei
1304 317 1443 364 tenuis
1472 316 1607 365 admi-

170 391 290 443 stum,
308 387 426 448 quod
440 385 671 446 appellatur
690 397 910 443 argentum
926 381 1080 439 vivum,
1098 397 1193 429 non
1209 379 1303 442 quia
1320 379 1368 425 fit
1382 395 1607 440 argentum

168 450 306 500 vivum
322 449 501 511 vulgare,
540 462 583 493 at
602 461 677 509 per
694 445 1018 508 metonymiam,
1031 443 1162 506 figura
1177 448 1234 490 est
1251 457 1451 503 tanquam
1466 447 1605 491 trans-

169 511 407 561 nominatio
421 507 705 565 continentis,
736 522 818 568 pro
853 524 909 554 eo
938 507 1055 568 quod
1086 507 1351 561 continetur,
1381 504 1462 551 hoc
1489 506 1604 554 enim

170 573 418 623 continetur
438 571 607 620 materia
623 571 786 631 argenti
801 568 878 617 vivi
894 589 903 614 :
922 572 1028 617 alter
1041 585 1144 618 vero
1158 583 1284 630 vapor
1298 573 1357 615 est
1370 569 1495 613 siccus
1514 584 1604 616 ter-

169 651 263 685 reus
281 644 325 686 &
343 634 521 697 pinguis,
554 633 626 695 qui
640 647 808 680 vocatur
824 633 989 692 sulphur
1006 647 1100 680 non
1113 633 1298 693 vulgare,
1323 630 1602 692 quemadmo-

167 699 269 746 dum
285 698 443 745 dietum
461 700 521 743 est
534 696 586 742 de
605 710 782 757 argento
799 694 904 752 viv0,
935 711 990 742 eo
1008 696 1128 756 quod
1141 697 1234 753 ejus
1267 693 1444 740 materia
1477 695 1524 740 fit
1548 695 1603 739 si-

167 761 281 809 milis
296 759 475 808 materiae
492 759 692 822 sulphuris
712 757 816 803 :hoc
829 756 956 818 igitur
969 759 1150 805 mixtum
1166 761 1224 804 est
1239 756 1454 803 humidum
1471 757 1604 804 visco-

165 828 269 881 sum,
296 823 557 884 glutinosum
572 823 924 882 unetuosumque,
956 820 1073 882 quod
1094 820 1359 871 ofsvicennas
1375 820 1602 881 appellavit

167 888 372 935 virtutem
389 885 637 933 mineralem
656 905 670 942 3
706 898 910 945 praeterea
927 884 1118 931 nituntur
1133 882 1314 944 probare
1331 881 1444 943 quod
1462 882 1603 930 virsio-

166 951 257 996 lum
286 949 337 994 fit
372 947 542 996 materia
575 947 867 1003 metallorum,
882 946 957 992 hac
985 946 1150 993 ratione
1167 946 1297 1001 dueli,
1313 961 1468 992 omnes
1486 948 1601 993 enim

166 1027 282 1060 venae
300 1013 570 1062 metallorum
587 1009 782 1057 desinunt
803 1009 855 1056 ‘in
872 1008 1104 1065 vitriolum‚
1136 1011 1240 1056 teste
1258 1007 1388 1055 Plinio
1405 1008 1508 1054 libro
1519 1009 1602 1055 tri-2

159 1078 308 1139 gefimo
335 1075 469 1131 tertio,
495 1072 627 1135 capite
643 1074 766 1133 sexto
782 1093 795 1129 ς
828 1088 924 1119 cum
953 1073 1094 1133 itaque
1129 1072 1302 1120 metalla
1330 1069 1510 1119 habeant
1525 1071 1601 1118 sub

166 1143 207 1184 se
219 1138 444 1194 vitrioium,
478 1136 677 1194 judicium
691 1139 750 1183 est
762 1152 815 1182 ex
829 1135 925 1196 ipso
939 1134 1129 1195 generari
1142 1135 1316 1183 metalla
1335 1155 1346 1181 :
1376 1134 1520 1183 verum
1552 1151 1600 1181 e·-

166 1199 268 1249 tiam
283 1200 358 1248 alia
377 1200 546 1248 ratione
561 1198 674 1247 idem
685 1197 895 1262 probant,
927 1197 1121 1247 videlicet
1135 1212 1189 1243 ex
1203 1195 1398 1259 quolibet
1420 1199 1600 1247 metallo

98 1281 101 1284 ·
165 1263 353 1311 educitur
371 1265 436 1316 sua
450 1262 608 1324 species
625 1262 793 1318 vitrioli,
824 1276 924 1309 nam
939 1262 1112 1310 metalla
1128 1264 1299 1308 fuerunt
1315 1261 1402 1318 jam
1417 1275 1600 1322 compo-

164 1326 236 1373 fita
253 1341 306 1373 ex
323 1326 524 1381 vitri0103
544 1325 700 1372 idcirco
729 1328 788 1372 est
813 1323 1171 1385 Philosophorum
1187 1324 1363 1380 axioma,
1394 1337 1440 1368 ut
1469 1338 1599 1372 omn:

162 1388 446 1450 compositum
461 1388 611 1437 reverti
625 1388 749 1448 poffit
764 1387 809 1433 in
825 1390 891 1434 sua
909 1387 1233 1448 componentia,
1247 1386 1601 1449 quemadmodum

161 1452 322 1513 glacies
337 1451 554 1501 revertitur
568 1451 613 1497 in
629 1466 795 1510 aquam,
811 1464 865 1494 ex
897 1451 979 1511 qu&
992 1452 1079 1507 jam
1107 1452 1327 1511 congelata
1356 1465 1442 1496 erat
1463 1450 1598 1498 :idem

161 1515 321 1561 censuit
344 1521 487 1561 Petrus
506 1519 641 1560 Bonus
655 1512 939 1574 Perrarz‘enfis,
970 1528 1209 1561 coaetaneus
1229 1513 1457 1560 Raimundl
1475 1514 1598 1560 Lulli

162 1575 441 1636 Majoricam',
473 1577 515 1623 in
541 1577 642 1623 libro
657 1575 914 1640 Margaritae
937 1577 1119 1640 praetiosae
1148 1580 1325 1632 novellae,
1359 1575 1429 1622 ubi
1443 1578 1597 1624 uastat

163 1642 210 1686 de
228 1640 460 1687 Ratiom‘bus
477 1643 600 1686 Artis
617 1639 919 1701 principalibus
940 1660 953 1695 3
984 1640 1138 1702 scripsit
1171 1640 1302 1696 enim,
1336 1652 1465 1699 atque
1480 1655 1533 1688 aes
1550 1641 1596 1687 in

163 1703 377 1751 vitriolum
403 1702 685 1760 commutari,
704 1704 734 1749 fi
761 1719 858 1751 cum
883 1702 1180 1763 sulphureirate
1194 1702 1426 1751 aluminola
1449 1702 1600 1749 flores-

164 1780 276 1822 cant,
308 1782 402 1815 cum
430 1765 631 1815 rubedine
662 1765 780 1813 unius
799 1773 843 1816 &
874 1767 1044 1813 alterius
1077 1766 1298 1821 viriditate,
1323 1764 1597 1828 postmodum

163 1828 376 1876 solvantur
389 1863 405 1885 ,
435 1829 705 1883 distillentur,
747 1837 791 1883 &
823 1834 1121 1890 congelentur‚
1154 1828 1203 1891 ad
1224 1844 1410 1890 unguem
1440 1842 1595 1876 naturae

163 1891 329 1953 vestigia
352 1891 647 1954 profequendo
666 1891 805 1954 :quod
820 1907 960 1940 autem
973 1891 1027 1939 de
1043 1896 1160 1940 ferro
1191 1900 1234 1941 &3
1265 1907 1345 1938 aere
1374 1890 1420 1938 in
1449 1906 1595 1939 exem-

162 1953 283 2017 plum
302 1955 536 2016 proposuit,
561 1959 800 2015 prosecutus
817 1957 875 2002 est
888 1955 1061 2002 inferius
1079 1954 1247 2002 afl'erere
1270 1953 1322 2001 de
1337 1953 1495 2000 cacteris
1511 1955 1596 2001 fin-

149 2017 350 2077 gulisque
366 2019 583 2067 metallis:
601 2017 843 2066 communis
868 2017 988 2065 enim
1015 2020 1074 2063 est
1102 2017 1295 2064 omnium
1326 2021 1596 2064 metallorum

163 2080 352 2137 materia,
381 2080 659 2142 deputatione
690 2095 831 2130 tamen
866 2088 911 2128 &
943 2079 1176 2141 digestione
1204 2077 1418 2136 differens,
1450 2095 1538 2140 quae
1566 2081 1596 2125 fi

162 2157 279 2202 aeque
292 2141 486 2204 depurata
503 2144 606 2192 effer
625 2150 668 2192 &
685 2142 838 2205 digesta
852 2143 894 2190 in
908 2142 1011 2199 aliis,
1046 2159 1091 2190 ut
1105 2144 1146 2191 in
1161 2158 1274 2199 auro,
1285 2142 1428 2189 onnia
1444 2143 1590 2204 prorul

159 2202 292 2253 dubio
306 2206 391 2252 auri
402 2205 581 2268 speciem
594 2204 910 2267 assumpsissent,
927 2205 1059 2252 veluti
1078 2207 1331 2252 assenserunt
1350 2204 1595 2264 Philosophi

161 2283 330 2325 omneS,
365 2277 408 2318 &
438 2285 522 2333 prae
541 2269 698 2317 caeteris
727 2270 904 2331 Rog'erus
937 2273 1088 2324 Bacan,
1116 2270 1162 2314 de
1180 2270 1291 2314 Arte
1320 2264 1520 2330 Chymicfz
1552 2266 1595 2312 in

162 2331 455 2379 Avicennam:
483 2333 559 2380 etsi
582 2331 839 2394 opinionum
855 2332 1022 2378 istarum
1035 2332 1186 2378 multas
1219 2330 1438 2378 collexerit
1456 2330 1594 2390 longo

160 2397 371 2454 progressu
405 2397 576 2447 Gabriel
587 2394 818 2458 Falloppius
837 2393 1036 2441 Traelatu
1051 2395 1099 2441 de
1124 2394 1351 2453 Foffilibus,
1375 2393 1505 2455 eapite
1520 2412 1592 2439 un.

159 2457 331 2519 decimo,
349 2466 393 2511 δε
410 2459 533 2521 nixus
548 2460 612 2516 fir,
640 2458 683 2506 in
700 2473 788 2508 tarn
802 2459 913 2524 valio
927 2457 1181 2523 opinionum
1210 2458 1365 2521 pelago
1378 2451 1594 2566 ingreffgs„

1442 2532 1528 2565 con
1550 2533 1598 2564 ue
