1967 2833
398 92 480 178 de
505 89 1059 181 AtramMetal.
1085 97 1398 186 Chalcit.
1546 126 1658 213 2⁴14

240 232 333 272 tum
347 219 527 271 adhaeret
544 217 673 267 bonis
687 219 861 282 fidisque
877 221 1143 273 au&oribus=
1174 224 1254 274 fuit
1283 226 1402 275 enim
1421 223 1582 275 Plinius
1598 224 1688 289 ipse

235 283 499 335 historiarum
515 281 705 344 scriptor,
737 283 918 344 plurima
928 285 1111 334 collexit
1142 302 1268 349 atque
1280 289 1345 337 vix
1361 288 1497 342 audita
1513 288 1689 349 scripsit,

238 364 328 410 quae
345 349 389 396 in
402 350 444 394 se
457 348 592 409 ipsum
603 344 795 394 militant
815 365 827 393 e
846 362 942 395 non
955 350 1107 398 desunt
1126 349 1195 399 alii
1223 355 1418 412 sequaces
1452 350 1689 417 ‘Agricola

235 412 310 473 qui
323 412 349 458 ὲ
363 408 542 471 captiosa
557 409 648 468 ejus
661 408 910 459 seduetione
925 413 1044 473 preffi
1061 412 1261 462 serviliter
1289 414 1411 476 ipsius
1427 415 1685 477 opinionem

235 472 456 522 celebrant
469 471 646 520 memini
658 487 839 534 namque
850 472 1073 526 ridiculum
1097 480 1254 539 lapsum
1270 477 1551 525 Bartholomaei
1566 484 1685 525 Ma-

230 535 509 596 rantaefrimo
522 535 614 593 ejus
629 535 681 581 de
703 535 924 593 Theriaca,
953 553 1043 602 cap.
1063 557 1138 601 25.
1154 541 1308 602 scripsit
1323 541 1411 602 ipse
1428 541 1603 603 reperiri
1618 544 1684 587 su·

234 596 632 662 petChalcanthum
647 597 932 647 inveteratum
952 606 1127 649 multam
1143 602 1490 651 eflorescentiam
1521 602 1680 660 mistos,

233 671 281 713 δι
298 661 545 710 Cha-lciteos
558 659 721 707 color-Is
732 661 843 720 ωτὶε,
877 669 922 711 &
937 663 1051 725 quod
1069 663 1339 714 administrari
1358 669 1501 730 potest
1513 681 1608 728 pars
1625 666 1680 725 ilg

233 727 275 775 la
292 739 449 772 mutata
462 723 511 771 in
522 721 752 770 Chalcitim
765 742 780 767 :
797 739 848 770 ex
864 724 926 772 his
943 741 1063 787 patet
1079 727 1284 789 ignorasse
1301 733 1532 777 Marantam
1543 729 1679 776 Chal·

226 787 349 837 citim
363 785 546 836 nativam
575 785 739 833 nullum
754 787 872 836 enim
890 787 1010 850 ipfius
1027 790 1200 839 verbum
1214 791 1383 853 quidem
1396 791 1512 847 facit,
1540 791 1678 840 assen-

229 852 280 899 fit
296 865 446 899 tamen
462 848 751 897 mutationem
765 849 1010 900 Chalcantbi
1024 851 1069 900 in
1085 853 1330 909 chalcitim,
1367 862 1411 904 &
1428 855 1590 912 mistim,
1607 854 1677 903 sed

226 914 320 962 ullo
334 911 566 960 discrimine
579 910 737 958 coloris
755 913 979 962 confundit
992 930 1078 974 eas,
1108 917 1317 965 somnians
1335 917 1675 966 eflorescentiam

227 975 385 1033 coloris
399 974 505 1031 aeris,
535 988 663 1035 quam
678 974 830 1034 nequis
856 974 960 1025 sana:
988 979 1141 1028 mentis
1169 979 1420 1042 conspexisse
1448 983 1563 1028 ausus
1591 978 1674 1029 fuit

223 1038 485 1103 exprimere,
519 1050 613 1084 cum
630 1038 878 1098 oppofitum
892 1040 1088 1088 ostendat
1104 1042 1384 1102 experientia,
1415 1042 1571 1106 scripfit
1600 1057 1675 1089 au·

223 1116 314 1150 tem
330 1105 526 1149 Maranta
541 1098 594 1146 de
609 1112 655 1145 re
670 1115 760 1148 non
774 1100 990 1151 intellee‘ta
1001 1120 1079 1153 nec
1105 1104 1183 1154 visa
1213 1105 1328 1163 juxta
1355 1106 1565 1167 vulgarem
1578 1108 1677 1154 sen-

223 1165 431 1220 tentiam',
463 1161 578 1225 quod
610 1177 731 1208 cecus
761 1178 855 1211 non
881 1166 1039 1223 judicat
1066 1165 1119 1215 de
1136 1168 1303 1224 colore,
1329 1184 1407 1217 nec
1435 1171 1546 1215 sutor
1561 1169 1672 1217 ultra

222 1227 432 1289 crepidam
451 1247 464 1275 ε
494 1239 536 1273 at
569 1239 711 1285 neque
741 1228 834 1274 satis
862 1228 995 1276 mirari
1040 1245 1156 1291 queo
1187 1230 1393 1279 audaciam
1424 1233 1460 1277 C
1462 1230 1672 1279 alciolarii

222 1288 494 1337 Aromasarii
508 1286 774 1335 Veronensis
800 1289 870 1353 qui
886 1290 1030 1339 alieno
1042 1292 1199 1353 pallico
1226 1308 1396 1342 ornatus
1412 1294 1573 1356 duplici
1598 1308 1670 1342 er·

221 1368 320 1401 rore
337 1351 524 1413 caligavit
539 1350 581 1398 in
597 1350 686 1407 ejus
705 1353 905 1408 museum,
936 1371 956 1401 a
957 1355 1054 1411 jens
1067 1353 1300 1403 Chalcitim
1315 1371 1406 1405 non
1432 1356 1677 1406 dissimilem

219 1413 357 1462 effeffae
366 1418 399 1462 ri
411 1416 457 1463 in
471 1414 627 1467 colore,
662 1417 702 1458 &
720 1411 765 1459 in
794 1415 1084 1467 contritione:
1117 1422 1217 1467 Hoc
1243 1434 1345 1467 vero
1358 1419 1495 1467 doffis
1510 1420 1672 1468 exami-

220 1494 324 1527 nare
340 1477 536 1539 relinquo
554 1490 646 1521 cum
663 1477 935 1544 unusquisque
950 1481 1015 1527 vel
1030 1475 1114 1530 no'n
1131 1481 1356 1530 admodum
1384 1482 1429 1530 in
1447 1483 1520 1530 hac
1535 1487 1668 1531 facul-

218 1556 314 1590 tate
330 1541 548 1590 instructus
562 1551 722 1601 poterit
758 1538 943 1596 judicare
957 1559 1051 1590 non
1072 1543 1236 1591 conteri
1265 1560 1317 1591 aes
1331 1559 1530 1595 manente
1544 1544 1666 1606 ipsius

217 1608 372 1660 forma,
397 1603 580 1665 quamvis
594 1600 674 1668 hoc¹
685 1603 914 1670 metallum
930 1605 1182 1655 exrendatur
1196 1603 1267 1656 sub
1281 1608 1468 1665 male0‚s1
1479 1623 1583 1659 vero
1599 1609 1670 1656 in-

219 1665 446 1717 tellexisset
467 1666 519 1712 de
532 1680 613 1712 aere
629 1666 832 1711 exlstente
849 1667 977 1713 adhuc
990 1671 1036 1716 in
1055 1669 1198 1731 Pyrite
1213 1671 1389 1731 disperso
1408 1670 1488 1718 hoc
1503 1675 1665 1720 fatuum

220 1728 324 1777 esset
339 1728 535 1788 cogitare,
567 1743 663 1776 cum
677 1741 816 1788 neque
829 1730 983 1792 Pyritis
992 1732 1232 1786 continens
1250 1747 1302 1778 aes
1319 1733 1368 1779 fit
1381 1732 1542 1792 rubeuS,
1557 1749 1666 1794 que-

221 1791 493 1841 madmodum
510 1790 944 1857 superius-expositum
959 1793 1171 1842 satisfuit:
1203 1794 1290 1841 haec
1318 1795 1460 1857 itaque
1479 1796 1671 1857 fimilitu-

216 1853 279 1901 do
295 1869 386 1902 non
401 1867 517 1915 aeque
532 1854 559 1898 a
588 1852 851 1902 Calcxolario
877 1856 1024 1905 tradi-ta
1060 1857 1155 1915 erit,
1188 1858 1289 1904 ficut
1303 1856 1554 1919 proverbiali
1566 1863 1666 1908 sen·

216 1917 357 1966 tentia
370 1915 536 1971 dicitur,
565 1916 813 1977 quidrefert
826 1919 920 1967 luna
937 1935 1031 1968 cum
1047 1920 1205 1968 cancris
1220 1941 1233 1967 .·
1270 1920 1377 1968 aliud
1391 1920 1584 1971 delirium
1600 1924 1667 1970 le-

214 1981 333 2043 gitur
348 1978 506 2041 Joanm's
523 1976 668 2038 Jacobi
682 1978 881 2028 Vecherii
898 1981 942 2028 in
973 1985 1047 2028 suo
1061 1982 1344 2040 antidotario,
1370 1999 1463 2032 cum
1491 1985 1662 2049 scripse-

217 2044 271 2105 rit
290 2041 456 2104 reperiri
469 2039 674 2090 Chalcitis
686 2052 819 2099 genus
835 2042 880 2092 in
893 2045 1118 2093 Germania
1136 2044 1365 2108 lapidosum
1378 2046 1662 2107 ponderosum

218 2103 387 2155 rubrum.
410 2119 506 2152 cum
518 2102 710 2155 scintillis
727 2106 874 2164 aureis,
907 2107 1023 2168 quod
1053 2109 1268 2157 neminem
1298 2108 1424 2157 alium
1451 2110 1659 2161 tradidffl‘e

216 2170 397 2224 constat,
433 2166 503 2216 sed
515 2166 718 2215 omnibus
746 2170 948 2231 profeSbo
979 2184 1212 2235 repugnat:
1246 2170 1298 2219 ab
1311 2171 1375 2219 his
1392 2182 1493 2221 vero
1505 2173 1661 2224 diffen-

216 2233 276 2280 tit
293 2234 479 2280 Marcus
494 2229 638 2278 Oddus
650 2231 697 2279 in
726 2233 937 2295 Collegio
957 2235 1160 2284 Patauino
1191 2236 1335 2283 Τῐᾶἂ.
1363 2236 1412 2283 de
1430 2236 1661 2297 Theriaca,

213 2296 308 2358 ipse
320 2294 438 2342 enim
453 2293 671 2356 explicavit
699 2296 958 2346 sententiam
986 2301 1096 2346 suam
1115 2302 1374 2348 conformen
1392 2313 1582 2349 veterum
1594 2301 1662 2349 di-

214 2358 319 2415 ἂῐε,
347 2372 503 2418 nempe
517 2356 749 2408 Chalcitim
762 2357 848 2408 effe
863 2358 1024 2415 al³bam‚‘
1049 2361 1180 2412 veluti
1193 2365 1308 2425 supra
1323 2363 1407 2421 jam
1423 2378 1662 2414 enarratum

218 2421 302 2483 suit
318 2420 501 2481 quamvis
515 2420 691 2468 inferius
714 2427 860 2486 postea
884 2423 1085 2486 scripserit
1112 2424 1288 2474 diversas
1311 2424 1544 2488 opiniones
1571 2441 1663 2475 tuna

222 2481 371 2536 <minii
381 2498 490 2544 cum,
512 2490 563 2545 ἐκ
582 2485 792 2549 Agricola
807 2503 853 2538 ac
862 2501 893 2534 e
894 2486 961 2547 jus
976 2487 1220 2552 sequacium,
1247 2489 1325 2550 qui
1340 2490 1487 2540 insulse
1502 2504 1661 2552 repug-

1555 2565 1667 2601 nant
