1967 2833
325 80 327 85 ⁴
368 87 419 163 8
724 70 985 153 Prima
999 59 1380 184 Descriptio*

321 214 444 251 terrae
463 200 545 250 five
562 195 844 259 lapidi-dicere
859 196 1008 255 mavis,
1040 193 1198 244 ide-irco
1213 193 1482 256 Dioskorides
1499 192 1660 245 afferuit
1676 199 1777 247 elici-

324 281 378 313 aes
393 267 418 313 ὲ
433 263 584 326 Pyr-ite·
599 260 755 324 lapide,
792 260 859 308 hic
876 263 938 308 est
951 275 1055 309 vena
1075 259 1162 306 aeris
1183 276 1197 313 3
1229 275 1331 308 nam·
1349 274 1407 305 aes
1432 260 1478 306 in
1509 260 1607 321 ipso·
1631 262 1774 324 lapide

325 329 550 390 dispersum
562 328 638 381 est,
673 322 931 379 &mixtum,
962 321 1078 383 quod
1092 324 1175 369 fuit
1188 320 1570 383 com-probatum&
1603 329 1773 384 (heleno,

327 391 402 440 lib.
421 408 468 454 9²
486 391 535 438 de
564 387 756 452 Simplic.
796 384 1132 435 (medicamen.
1154 383 1358 446 facultat.
1390 384 1463 432 ubi
1492 387 1687 435 tractavit
1719 390 1773 437 de

325 452 626 504 Chalcantho:
658 451 714 499 ait
728 448 846 498 enim
863 450 962 497 elici
978 465 1030 497 κε
1048 464 1124 509 per
1140 451 1333 496 fornaces
1345 449 1372 494 ὲ
1388 461 1501 498 terra
1532 449 1728 498 minerali
1758 473 1773 510 3

327 517 477 580 quibus
494 515 655 566 affenfit
670 511 875 563 Antonim
898 513 1068 572 (Musa
1083 511 1350 571 Brasavolm‚
1378 509 1453 559 lib.
1482 512 1531 559 de
1561 514 1773 562 Examine

326 585 639 636 Metallorum,
670 578 830 633 dicens,
861 575 1081 623 inveniunt
1105 574 1277 636 quidem
1315 588 1565 622 excavantes
1595 579 1773 628 metalla

328 659 452 693 terrae
466 644 596 692 mixta
610 657 710 689 mox
724 642 823 704 igne
841 637 1093 702 probantur,
1124 645 1174 688 ὅτ
1201 638 1226 684 ὲ
1248 635 1445 684 'sordibus
1476 637 1730 689 divelluntur
1760 660 1773 688 ε

328 707 444 757 idem
460 706 624 756 asseruit
640 704 889 769 Palloppius,
908 700 1098 750 Tartar.-
1123 701 1173 749 de
1187 699 1327 760 Foffil.
1360 700 1545 747 Metalla
1567 718 1660 750 non
1685 705 1776 753 ori·

328 785 456 820 untur
470 770 603 832 quali-a
616 782 768 829 patent
800 764 982 815 sensibus
998 764 1170 827 quando
1198 763 1418 811 traduntur
1447 762 1476 812 ai
1505 762 1669 821 fabris;
1703 766 1777 815 sed

327 834 603 883 continentur
628 831 671 881 in
685 829 821 893 glebis
841 842 958 878 terrae
977 827 1175 889 lapidosis
1193 842 1293 888 quas
1325 841 1544 875 macerant
1578 829 1697 891 igne,
1729 847 1775 878 ae

328 910 493 954 terunt,
525 893 797 956 aceliquant:
825 899 870 944 &
889 894 947 939 ita
962 894 1207 953 separantur
1234 890 1401 947 eterra,
1433 890 1654 953 fluuntque
1680 908 1774 941 me-

328 960 443 1016 talla,
475 975 567 1021 pars
582 972 727 1006 autem
741 955 945 1006 terrestris
958 969 1152 1003 remanet
1181 974 1194 1001 ε
1223 967 1277 999 ex
1294 951 1354 999 his
1371 951 1497 1013 igitur
1512 957 1775 1017 praenarratis

325 1022 420 1071 satis
450 1024 608 1071 constat
638 1020 811 1068 existere
841 1019 1009 1067 metalla
1050 1015 1163 1064 rudia
1195 1015 1500 1076 immundaque
1533 1018 1772 1069 tenuissime

330 1085 506 1147 dispersa
538 1087 583 1132 in
601 1085 764 1132 molem
793 1082 916 1145 ipsius
944 1079 1124 1142 Pyritis,
1157 1078 1513 1140 quemadmodum
1535 1079 1687 1131 vitrum
1728 1081 1774 1130 in

333 1167 473 1202 arena,
512 1157 553 1198 &
572 1147 619 1195 in
635 1144 843 1209 lapidibus
865 1165 878 1201 3
911 1142 1079 1191 etenim
1095 1141 1246 1205 lapidis
1260 1142 1383 1190 col-01·
1397 1141 1621 1203 dupliciter
1635 1147 1774 1192 consi-

328 1209 637 1266 deraridebet3
675 1207 1059 1270 &frimofiipfius
1088 1206 1309 1256 substantia
1336 1205 1513 1267 simplex
1546 1207 1594 1252 sit
1625 1207 1776 1269 absque

328 1274 410 1320 ulla
422 1274 683 1323 admixtione
697 1270 923 1326 metallica,
950 1273 1105 1317 reserre
1131 1267 1298 1331 poterit
1327 1267 1558 1329 simplicem
1585 1271 1773 1320 colorem

328 1336 586 1387 albicantem
617 1335 684 1384 vel
717 1334 842 1382 alium
875 1333 992 1391 juxta
1017 1347 1210 1380 naturam
1242 1330 1403 1391 lapidis,
1464 1332 1572 1379 Alio
1588 1334 1774 1383 modofi

329 1416 425 1450 cum
441 1399 577 1462 lapide
594 1397 726 1445 mixta
739 1396 819 1444 erit
834 1396 997 1443 metalli
1013 1393 1234 1443 substantia
1250 1395 1370 1440 color
1402 1393 1547 1455 lapidis
1575 1398 1774 1459 refrangit

329 1477 456 1525 atque
470 1461 666 1510 diminuit
681 1475 770 1507 tum
792 1458 884 1508 aeris
897 1456 1163 1515 rubedinem,
1176 1471 1267 1503 tum
1283 1457 1409 1504 etiam
1428 1458 1595 1505 alterius
1609 1462 1775 1509 metalli

329 1528 543 1583 colorem,
573 1522 816 1583 eodemque
834 1520 967 1569 modo
980 1519 1251 1568 confunditur
1270 1518 1419 1582 lapidis
1451 1522 1573 1567 color
1589 1520 1650 1568 ob
1681 1538 1775 1571 me-

328 1587 665 1642 tallimiscelam,
698 1584 809 1636 &fit
825 1584 1036 1646 utriusque
1064 1582 1222 1631 mixtus
1240 1583 1363 1629 color
1392 1584 1515 1632 veluti
1545 1584 1653 1632 ratio
1679 1602 1776 1648 per-

325 1652 481 1700 suadet.
553 1648 914 1710 Experientiz'ique
929 1648 1055 1695 docet
1070 1661 1121 1693 ex
1136 1644 1296 1692 duobus
1311 1646 1510 1694 extremis
1527 1647 1673 1694 mixtis
1703 1666 1773 1697 re-

325 1716 481 1765 sultare
494 1714 671 1762 tertium
687 1732 700 1759 ε
717 1710 874 1758 idcirco
886 1709 1123 1757 metallicus
1139 1710 1216 1755 istev
1234 1709 1346 1770 lapis
1372 1708 1631 1772 quandoque
1655 1712 1774 1761 luteo

329 1779 474 1827 colore
488 1778 649 1825 micans
679 1774 952 1838 conspicitur,
984 1772 1212 1834 aliquando
1241 1786 1384 1819 autem
1415 1777 1564 1823 colore
1595 1773 1772 1825 cinereo

327 1839 700 1900 albicantesulget,
739 1836 907 1885 alterius
924 1850 1094 1899 quoque
1127 1834 1286 1882 coloris
1317 1833 1530 1885 interdum
1561 1839 1773 1902 particeps

330 1906 391 1952 est
405 1904 520 1962 juxta
535 1916 726 1950 natur-arn
743 1899 925 1954 metalli,
952 1898 1319 1963 praedominantis,
1348 1898 1476 1959 magis
1495 1907 1539 1949 &
1556 1900 1698 1948 minus
1713 1908 1777 1952 se.

329 1966 511 2015 cundum
524 1964 749 2023 majorem,
787 1962 1077 2010 &minorem
1106 1960 1353 2023 portionem
1383 1962 1506 2022 ipfius
1533 1962 1659 2011 mixti
1681 1984 1777 2015 cum

327 2029 483 2091 lapide.
547 2029 759 2075 Praeterea
775 2024 975 2087 quicquid
1004 2025 1029 2071 ὲ
1060 2038 1207 2071 natura
1231 2022 1486 2085 produ-stum
1519 2029 1776 2089 conspicitur

326 2095 510 2155 persaepe
525 2090 627 2139 artis
640 2089 904 2154 experientia
916 2086 1247 2148 comprobatum
1275 2084 1493 2144 habemuS,
1526 2091 1641 2151 quod
1670 2095 1776 2142 satis

327 2169 448 2215 patet
463 2153 667 2215 exemplo
681 2153 883 2201 calamine
900 2166 995 2198 cum
1009 2150 1060 2196 fit
1087 2149 1246 2198 coloris
1262 2148 1404 2212 pallidi
1419 2148 1595 2200 sublutei
1622 2155 1651 2201 fi
1667 2171 1774 2216 pro-

330 2216 491 2276 jiciatur
503 2221 622 2280 super
635 2231 690 2262 aes
705 2218 837 2263 fusum
855 2227 1091 2262 commutat
1104 2212 1236 2274 ipsum
1251 2213 1297 2260 in
1313 2213 1573 2272 auricalcum,
1583 2218 1699 2279 quod
1712 2224 1771 2269 est

330 2281 490 2329 coloris
505 2279 627 2336 lutei,
638 2278 746 2326 adeo
761 2276 878 2342 qu'od
890 2276 1106 2325 :emulatur
1124 2291 1267 2324 aurum
1283 2278 1470 2337 quamvis
1499 2294 1623 2327 antea
1649 2281 1775 2331 rube-

330 2360 400 2394 um
413 2342 517 2393 effe't
536 2356 608 2399 aes,
639 2357 763 2403 quare
778 2350 833 2389 ex
849 2338 1050 2402 pluribus,
1085 2344 1127 2385 &
1145 2337 1310 2388 diverfis
1341 2339 1568 2398 coloribus,
1601 2352 1645 2394 gc
1677 2346 1772 2393 sub-

331 2407 508 2464 stantiis,
532 2408 612 2456 viz.
629 2403 796 2467 lapidis,
837 2409 878 2450 &
896 2403 1064 2451 metalli
1089 2417 1168 2451 nec
1193 2416 1293 2450 non<
1316 2416 1648 2454 atramentorum
1677 2426 1772 2457 cum

330 2469 563 2520 mercuriali
578 2465 818 2524 substantia,
835 2471 878 2514 &
894 2464 1129 2528 sulphurea,
1162 2479 1208 2512 ut
1224 2465 1268 2514 in
1283 2464 1550 2528 sequentibus
1577 2486 1772 2534 expone-

1707 2551 1771 2588 [ut
