<?xml version="1.0" encoding="UTF-8"?>
<!DOCTYPE html PUBLIC "-//W3C//DTD XHTML 1.0 Transitional//EN"
    "http://www.w3.org/TR/xhtml1/DTD/xhtml1-transitional.dtd">
<html xmlns="http://www.w3.org/1999/xhtml" xml:lang="en" lang="en">
 <head>
  <title>
</title>
<meta http-equiv="Content-Type" content="text/html;charset=utf-8" />
  <meta name='ocr-system' content='tesseract 3.04.00' />
  <meta name='ocr-capabilities' content='ocr_page ocr_carea ocr_par ocr_line ocrx_word'/>
</head>
<body>
  <div class='ocr_page' id='page_1' title='image "./deatramentiscuju00cane_0244.png"; bbox 0 0 1967 2833; ppageno 0'>
   <div class='ocr_carea' id='block_1_1' title="bbox 157 19 267 35">
    <p class='ocr_par' dir='ltr' id='par_1_1' title="bbox 157 19 267 35">
     <span class='ocr_line' id='line_1_1' title="bbox 157 19 267 35; baseline -0.018 0"><span class='ocrx_word' id='word_1_1' title='bbox 157 23 205 35; x_wconf 68' lang='lat'>-4—¹</span> <span class='ocrx_word' id='word_1_2' title='bbox 241 19 267 33; x_wconf 69' lang='lat'>⁴·</span> 
     </span>
    </p>
   </div>
   <div class='ocr_carea' id='block_1_2' title="bbox 312 63 1823 2590">
    <p class='ocr_par' dir='ltr' id='par_1_2' title="bbox 312 63 1823 2590">
     <span class='ocr_line' id='line_1_2' title="bbox 312 63 1393 193; baseline -0.007 -27"><span class='ocrx_word' id='word_1_3' title='bbox 312 85 315 89; x_wconf 71' lang='grc'>’</span> <span class='ocrx_word' id='word_1_4' title='bbox 400 80 459 190; x_wconf 89' lang='lat'>4</span> <span class='ocrx_word' id='word_1_5' title='bbox 719 63 851 162; x_wconf 48' lang='lat' dir='ltr'>“Te</span> <span class='ocrx_word' id='word_1_6' title='bbox 889 81 985 161; x_wconf 76' lang='lat' dir='ltr'>cia</span> <span class='ocrx_word' id='word_1_7' title='bbox 1002 75 1393 193; x_wconf 64' lang='lat' dir='ltr'>Destriptio</span> 
     </span>
     <span class='ocr_line' id='line_1_3' title="bbox 318 201 1772 266; baseline 0.004 -19"><span class='ocrx_word' id='word_1_8' title='bbox 318 201 490 264; x_wconf 81' lang='lat' dir='ltr'>quisque</span> <span class='ocrx_word' id='word_1_9' title='bbox 510 202 649 266; x_wconf 80' lang='lat' dir='ltr'>legere</span> <span class='ocrx_word' id='word_1_10' title='bbox 666 204 830 265; x_wconf 86' lang='lat' dir='ltr'>poterit</span> <span class='ocrx_word' id='word_1_11' title='bbox 847 220 966 253; x_wconf 90' lang='lat' dir='ltr'>nono</span> <span class='ocrx_word' id='word_1_12' title='bbox 982 205 1073 264; x_wconf 90' lang='lat' dir='ltr'>ejus</span> <span class='ocrx_word' id='word_1_13' title='bbox 1091 202 1218 261; x_wconf 89' lang='lat' dir='ltr'>libro,</span> <span class='ocrx_word' id='word_1_14' title='bbox 1250 205 1298 250; x_wconf 82' lang='lat' dir='ltr'>de</span> <span class='ocrx_word' id='word_1_15' title='bbox 1311 201 1501 266; x_wconf 82' lang='lat' dir='ltr'>Simplic.</span> <span class='ocrx_word' id='word_1_16' title='bbox 1530 201 1772 253; x_wconf 63' lang='lat' dir='ltr'>Medicamj</span> 
     </span>
     <span class='ocr_line' id='line_1_4' title="bbox 319 267 1776 330; baseline 0.005 -21"><span class='ocrx_word' id='word_1_17' title='bbox 319 270 538 314; x_wconf 73' lang='lat' dir='ltr'>Facultac.</span> <span class='ocrx_word' id='word_1_18' title='bbox 574 282 702 329; x_wconf 85' lang='lat' dir='ltr'>quare</span> <span class='ocrx_word' id='word_1_19' title='bbox 721 268 956 330; x_wconf 80' lang='lat' dir='ltr'>relinquam</span> <span class='ocrx_word' id='word_1_20' title='bbox 983 284 1047 326; x_wconf 78' lang='lat' dir='ltr'>ea,</span> <span class='ocrx_word' id='word_1_21' title='bbox 1084 283 1182 315; x_wconf 88' lang='lat' dir='ltr'>cum</span> <span class='ocrx_word' id='word_1_22' title='bbox 1210 267 1316 314; x_wconf 91' lang='lat' dir='ltr'>olim</span> <span class='ocrx_word' id='word_1_23' title='bbox 1346 267 1598 328; x_wconf 70' lang='lat' dir='ltr'>planeame</span> <span class='ocrx_word' id='word_1_24' title='bbox 1614 270 1776 316; x_wconf 84' lang='lat' dir='ltr'>ostensa</span> 
     </span>
     <span class='ocr_line' id='line_1_5' title="bbox 316 328 1777 393; baseline 0.003 -20"><span class='ocrx_word' id='word_1_25' title='bbox 316 330 477 376; x_wconf 87' lang='lat' dir='ltr'>fuerint</span> <span class='ocrx_word' id='word_1_26' title='bbox 510 347 520 375; x_wconf 72' lang='grc' dir='ltr'><strong><em>ε</em></strong></span> <span class='ocrx_word' id='word_1_27' title='bbox 554 329 693 377; x_wconf 88' lang='lat' dir='ltr'>habita</span> <span class='ocrx_word' id='word_1_28' title='bbox 724 331 852 393; x_wconf 83' lang='lat' dir='ltr'>igitur</span> <span class='ocrx_word' id='word_1_29' title='bbox 869 330 1127 392; x_wconf 80' lang='lat' dir='ltr'>cognitione</span> <span class='ocrx_word' id='word_1_30' title='bbox 1139 344 1216 391; x_wconf 87' lang='lat' dir='ltr'>per</span> <span class='ocrx_word' id='word_1_31' title='bbox 1244 345 1369 391; x_wconf 86' lang='lat' dir='ltr'>quam</span> <span class='ocrx_word' id='word_1_32' title='bbox 1388 328 1515 376; x_wconf 90' lang='lat' dir='ltr'>nobis</span> <span class='ocrx_word' id='word_1_33' title='bbox 1532 343 1650 392; x_wconf 87' lang='lat' dir='ltr'>patet</span> <span class='ocrx_word' id='word_1_34' title='bbox 1666 345 1777 378; x_wconf 89' lang='lat' dir='ltr'>con-</span> 
     </span>
     <span class='ocr_line' id='line_1_6' title="bbox 320 391 1777 453; baseline 0.003 -16"><span class='ocrx_word' id='word_1_35' title='bbox 320 393 529 441; x_wconf 76' lang='lat' dir='ltr'>venientia</span> <span class='ocrx_word' id='word_1_36' title='bbox 546 409 882 443; x_wconf 85' lang='lat' dir='ltr'>atramentorum</span> <span class='ocrx_word' id='word_1_37' title='bbox 899 393 1014 441; x_wconf 87' lang='lat' dir='ltr'>inter</span> <span class='ocrx_word' id='word_1_38' title='bbox 1039 395 1096 449; x_wconf 89' lang='lat' dir='ltr'>se,</span> <span class='ocrx_word' id='word_1_39' title='bbox 1129 406 1318 440; x_wconf 70' lang='lat' dir='ltr'>ceterum</span> <span class='ocrx_word' id='word_1_40' title='bbox 1333 395 1392 440; x_wconf 87' lang='lat' dir='ltr'>est</span> <span class='ocrx_word' id='word_1_41' title='bbox 1408 391 1602 441; x_wconf 84' lang='lat' dir='ltr'>disserere</span> <span class='ocrx_word' id='word_1_42' title='bbox 1629 408 1777 453; x_wconf 85' lang='lat' dir='ltr'>quem-</span> 
     </span>
     <span class='ocr_line' id='line_1_7' title="bbox 322 453 1776 519; baseline 0.002 -19"><span class='ocrx_word' id='word_1_43' title='bbox 322 453 555 506; x_wconf 80' lang='lat' dir='ltr'>admodum</span> <span class='ocrx_word' id='word_1_44' title='bbox 584 457 716 519; x_wconf 82' lang='lat' dir='ltr'>exigit</span> <span class='ocrx_word' id='word_1_45' title='bbox 746 456 935 513; x_wconf 82' lang='lat' dir='ltr'>occass0,</span> <span class='ocrx_word' id='word_1_46' title='bbox 963 456 1077 518; x_wconf 86' lang='lat' dir='ltr'>quali</span> <span class='ocrx_word' id='word_1_47' title='bbox 1105 456 1274 504; x_wconf 86' lang='lat' dir='ltr'>ratione</span> <span class='ocrx_word' id='word_1_48' title='bbox 1315 454 1562 505; x_wconf 80' lang='lat' dir='ltr'>diffentiant</span> <span class='ocrx_word' id='word_1_49' title='bbox 1600 455 1711 503; x_wconf 89' lang='lat' dir='ltr'>inter</span> <span class='ocrx_word' id='word_1_50' title='bbox 1735 459 1776 504; x_wconf 86' lang='lat' dir='ltr'>se</span> 
     </span>
     <span class='ocr_line' id='line_1_8' title="bbox 318 518 1775 584; baseline 0.001 -19"><span class='ocrx_word' id='word_1_51' title='bbox 318 532 554 569; x_wconf 74' lang='lat' dir='ltr'>atramenta</span> <span class='ocrx_word' id='word_1_52' title='bbox 575 536 669 567; x_wconf 90' lang='lat' dir='ltr'>cum</span> <span class='ocrx_word' id='word_1_53' title='bbox 697 536 832 584; x_wconf 81' lang='lat' dir='ltr'>nuper</span> <span class='ocrx_word' id='word_1_54' title='bbox 848 520 1041 568; x_wconf 85' lang='lat' dir='ltr'>assertum</span> <span class='ocrx_word' id='word_1_55' title='bbox 1055 519 1180 567; x_wconf 86' lang='lat' dir='ltr'>fuerit</span> <span class='ocrx_word' id='word_1_56' title='bbox 1212 518 1402 577; x_wconf 87' lang='lat' dir='ltr'>ejusdem</span> <span class='ocrx_word' id='word_1_57' title='bbox 1429 533 1583 570; x_wconf 77' lang='lat' dir='ltr'>natutae</span> <span class='ocrx_word' id='word_1_58' title='bbox 1599 519 1775 567; x_wconf 76' lang='lat' dir='ltr'>existere</span> 
     </span>
     <span class='ocr_line' id='line_1_9' title="bbox 321 581 1823 646; baseline 0.003 -20"><span class='ocrx_word' id='word_1_59' title='bbox 321 595 386 638; x_wconf 90' lang='lat' dir='ltr'>ea,</span> <span class='ocrx_word' id='word_1_60' title='bbox 418 597 543 643; x_wconf 80' lang='lat' dir='ltr'>quare</span> <span class='ocrx_word' id='word_1_61' title='bbox 559 582 708 645; x_wconf 87' lang='lat' dir='ltr'>aliquis</span> <span class='ocrx_word' id='word_1_62' title='bbox 722 585 912 644; x_wconf 80' lang='lat' dir='ltr'>suspicari</span> <span class='ocrx_word' id='word_1_63' title='bbox 928 583 1080 646; x_wconf 75' lang='lat' dir='ltr'>posset,</span> <span class='ocrx_word' id='word_1_64' title='bbox 1111 596 1156 628; x_wconf 75' lang='lat' dir='ltr'>ut</span> <span class='ocrx_word' id='word_1_65' title='bbox 1175 581 1557 630; x_wconf 70' lang='lat' dir='ltr'>contradifflonem</span> <span class='ocrx_word' id='word_1_66' title='bbox 1586 581 1777 644; x_wconf 85' lang='lat' dir='ltr'>implica-</span> <span class='ocrx_word' id='word_1_67' title='bbox 1821 616 1823 619; x_wconf 92' lang='lat'>-</span> 
     </span>
     <span class='ocr_line' id='line_1_10' title="bbox 322 643 1774 706; baseline 0 -15"><span class='ocrx_word' id='word_1_68' title='bbox 322 645 455 692; x_wconf 80' lang='lat' dir='ltr'>verim</span> <span class='ocrx_word' id='word_1_69' title='bbox 475 664 485 690; x_wconf 94' lang='lat'><strong>:</strong></span> <span class='ocrx_word' id='word_1_70' title='bbox 503 651 665 697; x_wconf 88' lang='lat' dir='ltr'>Verum</span> <span class='ocrx_word' id='word_1_71' title='bbox 682 646 817 695; x_wconf 63' lang='lat' dir='ltr'>facilis&gt;</span> <span class='ocrx_word' id='word_1_72' title='bbox 831 647 1058 695; x_wconf 71' lang='lat' dir='ltr'>solutionis</span> <span class='ocrx_word' id='word_1_73' title='bbox 1073 646 1155 694; x_wconf 88' lang='lat' dir='ltr'>erit</span> <span class='ocrx_word' id='word_1_74' title='bbox 1172 643 1382 704; x_wconf 57' lang='lat' dir='ltr'>objefftio,</span> <span class='ocrx_word' id='word_1_75' title='bbox 1394 645 1423 690; x_wconf 78' lang='lat' dir='ltr'>si</span> <span class='ocrx_word' id='word_1_76' title='bbox 1443 643 1657 693; x_wconf 78' lang='lat' dir='ltr'>memoriae</span> <span class='ocrx_word' id='word_1_77' title='bbox 1675 660 1774 706; x_wconf 87' lang='lat' dir='ltr'>pro-</span> 
     </span>
     <span class='ocr_line' id='line_1_11' title="bbox 323 706 1776 774; baseline 0.002 -22"><span class='ocrx_word' id='word_1_78' title='bbox 323 706 604 767; x_wconf 58' lang='lat' dir='ltr'>dita‘fuerint,</span> <span class='ocrx_word' id='word_1_79' title='bbox 637 726 726 772; x_wconf 85' lang='lat' dir='ltr'>quae</span> <span class='ocrx_word' id='word_1_80' title='bbox 744 711 927 774; x_wconf 78' lang='lat' dir='ltr'>superius</span> <span class='ocrx_word' id='word_1_81' title='bbox 944 710 1128 772; x_wconf 81' lang='lat' dir='ltr'>exposita</span> <span class='ocrx_word' id='word_1_82' title='bbox 1142 713 1257 756; x_wconf 90' lang='lat' dir='ltr'>fuere</span> <span class='ocrx_word' id='word_1_83' title='bbox 1275 729 1285 756; x_wconf 73' lang='grc' dir='ltr'><strong><em>ε</em></strong></span> <span class='ocrx_word' id='word_1_84' title='bbox 1320 708 1599 756; x_wconf 83' lang='lat' dir='ltr'>nihilominus</span> <span class='ocrx_word' id='word_1_85' title='bbox 1616 723 1660 754; x_wconf 89' lang='lat' dir='ltr'>ut</span> <span class='ocrx_word' id='word_1_86' title='bbox 1677 724 1776 757; x_wconf 88' lang='lat' dir='ltr'>mo-</span> 
     </span>
     <span class='ocr_line' id='line_1_12' title="bbox 322 771 1775 835; baseline 0.002 -18"><span class='ocrx_word' id='word_1_87' title='bbox 322 771 423 817; x_wconf 70' lang='lat' dir='ltr'>tofis</span> <span class='ocrx_word' id='word_1_88' title='bbox 440 771 639 820; x_wconf 78' lang='lat' dir='ltr'>omnibus</span> <span class='ocrx_word' id='word_1_89' title='bbox 657 774 848 830; x_wconf 84' lang='lat' dir='ltr'>satisfiat,</span> <span class='ocrx_word' id='word_1_90' title='bbox 880 788 1068 834; x_wconf 76' lang='lat' dir='ltr'>repetam</span> <span class='ocrx_word' id='word_1_91' title='bbox 1085 788 1295 835; x_wconf 76' lang='lat' dir='ltr'>utrunque</span> <span class='ocrx_word' id='word_1_92' title='bbox 1311 771 1561 820; x_wconf 75' lang='lat' dir='ltr'>verissimum</span> <span class='ocrx_word' id='word_1_93' title='bbox 1586 774 1775 821; x_wconf 86' lang='lat' dir='ltr'>constare</span> 
     </span>
     <span class='ocr_line' id='line_1_13' title="bbox 323 835 1779 897; baseline -0.001 -15"><span class='ocrx_word' id='word_1_94' title='bbox 323 849 487 896; x_wconf 73' lang='lat' dir='ltr'>nempe</span> <span class='ocrx_word' id='word_1_95' title='bbox 503 838 615 886; x_wconf 86' lang='lat' dir='ltr'>inter</span> <span class='ocrx_word' id='word_1_96' title='bbox 643 839 685 885; x_wconf 85' lang='lat' dir='ltr'>se</span> <span class='ocrx_word' id='word_1_97' title='bbox 709 837 935 886; x_wconf 79' lang='lat' dir='ltr'>convenire</span> <span class='ocrx_word' id='word_1_98' title='bbox 950 836 1101 886; x_wconf 64' lang='lat' dir='ltr'>cuneia</span> <span class='ocrx_word' id='word_1_99' title='bbox 1118 851 1352 884; x_wconf 86' lang='lat' dir='ltr'>atramenta</span> <span class='ocrx_word' id='word_1_100' title='bbox 1379 850 1585 897; x_wconf 79' lang='lat' dir='ltr'>quatenus</span> <span class='ocrx_word' id='word_1_101' title='bbox 1600 835 1779 886; x_wconf 75' lang='lat' dir='ltr'>existunt</span> 
     </span>
     <span class='ocr_line' id='line_1_14' title="bbox 323 895 1776 961; baseline 0.003 -19"><span class='ocrx_word' id='word_1_102' title='bbox 323 897 509 954; x_wconf 69' lang='lat' dir='ltr'>ejusdem</span> <span class='ocrx_word' id='word_1_103' title='bbox 530 900 731 956; x_wconf 77' lang='lat' dir='ltr'>materiae,</span> <span class='ocrx_word' id='word_1_104' title='bbox 769 907 809 947; x_wconf 87' lang='lat'>&amp;</span> <span class='ocrx_word' id='word_1_105' title='bbox 828 915 998 956; x_wconf 78' lang='lat' dir='ltr'>naturae,</span> <span class='ocrx_word' id='word_1_106' title='bbox 1033 905 1160 947; x_wconf 85' lang='lat' dir='ltr'>rursus</span> <span class='ocrx_word' id='word_1_107' title='bbox 1177 914 1348 961; x_wconf 84' lang='lat' dir='ltr'>quoque</span> <span class='ocrx_word' id='word_1_108' title='bbox 1363 898 1478 945; x_wconf 89' lang='lat' dir='ltr'>inter</span> <span class='ocrx_word' id='word_1_109' title='bbox 1497 900 1535 944; x_wconf 89' lang='lat' dir='ltr'>se</span> <span class='ocrx_word' id='word_1_110' title='bbox 1568 895 1776 947; x_wconf 71' lang='lat' dir='ltr'>dissentire</span> 
     </span>
     <span class='ocr_line' id='line_1_15' title="bbox 323 961 1774 1025; baseline 0.003 -19"><span class='ocrx_word' id='word_1_111' title='bbox 323 974 371 1006; x_wconf 83' lang='lat' dir='ltr'>ea</span> <span class='ocrx_word' id='word_1_112' title='bbox 385 962 744 1023; x_wconf 77' lang='lat' dir='ltr'>conspicuumel’t,</span> <span class='ocrx_word' id='word_1_113' title='bbox 764 980 858 1011; x_wconf 87' lang='lat' dir='ltr'>non</span> <span class='ocrx_word' id='word_1_114' title='bbox 878 979 1033 1018; x_wconf 84' lang='lat' dir='ltr'>autem,</span> <span class='ocrx_word' id='word_1_115' title='bbox 1050 965 1143 1025; x_wconf 88' lang='lat' dir='ltr'>quia</span> <span class='ocrx_word' id='word_1_116' title='bbox 1157 978 1286 1009; x_wconf 85' lang='lat' dir='ltr'>unum</span> <span class='ocrx_word' id='word_1_117' title='bbox 1302 961 1446 1009; x_wconf 77' lang='lat' dir='ltr'>existat</span> <span class='ocrx_word' id='word_1_118' title='bbox 1461 963 1635 1008; x_wconf 75' lang='lat' dir='ltr'>materia</span> <span class='ocrx_word' id='word_1_119' title='bbox 1652 961 1774 1010; x_wconf 85' lang='lat' dir='ltr'>alteri</span> 
     </span>
     <span class='ocr_line' id='line_1_16' title="bbox 324 1022 1773 1083; baseline 0 -11"><span class='ocrx_word' id='word_1_120' title='bbox 324 1025 540 1081; x_wconf 77' lang='lat' dir='ltr'>contraria,</span> <span class='ocrx_word' id='word_1_121' title='bbox 557 1042 650 1073; x_wconf 83' lang='lat' dir='ltr'>cum</span> <span class='ocrx_word' id='word_1_122' title='bbox 667 1042 719 1074; x_wconf 86' lang='lat' dir='ltr'>ex</span> <span class='ocrx_word' id='word_1_123' title='bbox 739 1044 836 1083; x_wconf 82' lang='lat' dir='ltr'>una,</span> <span class='ocrx_word' id='word_1_124' title='bbox 867 1043 912 1073; x_wconf 84' lang='lat' dir='ltr'>ac</span> <span class='ocrx_word' id='word_1_125' title='bbox 928 1025 1075 1074; x_wconf 87' lang='lat' dir='ltr'>eadem</span> <span class='ocrx_word' id='word_1_126' title='bbox 1094 1025 1235 1074; x_wconf 88' lang='lat' dir='ltr'>omnia</span> <span class='ocrx_word' id='word_1_127' title='bbox 1251 1028 1467 1079; x_wconf 77' lang='lat' dir='ltr'>constent,</span> <span class='ocrx_word' id='word_1_128' title='bbox 1484 1022 1556 1069; x_wconf 88' lang='lat' dir='ltr'>sed</span> <span class='ocrx_word' id='word_1_129' title='bbox 1572 1022 1773 1074; x_wconf 78' lang='lat' dir='ltr'>differunt</span> 
     </span>
     <span class='ocr_line' id='line_1_17' title="bbox 324 1086 1774 1152; baseline 0.001 -17"><span class='ocrx_word' id='word_1_130' title='bbox 324 1099 488 1135; x_wconf 76' lang='lat' dir='ltr'>tantum</span> <span class='ocrx_word' id='word_1_131' title='bbox 505 1088 732 1137; x_wconf 86' lang='lat' dir='ltr'>secundum</span> <span class='ocrx_word' id='word_1_132' title='bbox 750 1092 896 1152; x_wconf 82' lang='lat' dir='ltr'>magis,</span> <span class='ocrx_word' id='word_1_133' title='bbox 933 1097 976 1141; x_wconf 86' lang='lat'>&amp;</span> <span class='ocrx_word' id='word_1_134' title='bbox 1010 1091 1149 1136; x_wconf 84' lang='lat' dir='ltr'>minus</span> <span class='ocrx_word' id='word_1_135' title='bbox 1168 1087 1228 1135; x_wconf 90' lang='lat' dir='ltr'>ob</span> <span class='ocrx_word' id='word_1_136' title='bbox 1258 1086 1594 1150; x_wconf 80' lang='lat' dir='ltr'>depurationem‚</span> <span class='ocrx_word' id='word_1_137' title='bbox 1631 1095 1673 1137; x_wconf 72' lang='grc' dir='ltr'>δε</span> <span class='ocrx_word' id='word_1_138' title='bbox 1698 1086 1774 1136; x_wconf 81' lang='lat' dir='ltr'>de-</span> 
     </span>
     <span class='ocr_line' id='line_1_18' title="bbox 327 1148 1779 1211; baseline 0.003 -17"><span class='ocrx_word' id='word_1_139' title='bbox 327 1151 578 1200; x_wconf 56' lang='lat' dir='ltr'>cothonem</span> <span class='ocrx_word' id='word_1_140' title='bbox 597 1168 744 1201; x_wconf 88' lang='lat' dir='ltr'>eorum</span> <span class='ocrx_word' id='word_1_141' title='bbox 775 1154 1003 1211; x_wconf 84' lang='lat' dir='ltr'>majorem,</span> <span class='ocrx_word' id='word_1_142' title='bbox 1019 1156 1095 1201; x_wconf 73' lang='lat' dir='ltr'>‚vel</span> <span class='ocrx_word' id='word_1_143' title='bbox 1119 1154 1349 1210; x_wconf 39' lang='lat' dir='ltr'>minoremg,</span> <span class='ocrx_word' id='word_1_144' title='bbox 1380 1148 1556 1198; x_wconf 78' lang='lat' dir='ltr'>namob</span> <span class='ocrx_word' id='word_1_145' title='bbox 1571 1152 1779 1209; x_wconf 85' lang='lat' dir='ltr'>majorem</span> 
     </span>
     <span class='ocr_line' id='line_1_19' title="bbox 326 1212 1780 1275; baseline 0.001 -18"><span class='ocrx_word' id='word_1_146' title='bbox 326 1212 630 1262; x_wconf 60' lang='lat' dir='ltr'>decociionem</span> <span class='ocrx_word' id='word_1_147' title='bbox 658 1217 883 1265; x_wconf 70' lang='lat' dir='ltr'>naturalem</span> <span class='ocrx_word' id='word_1_148' title='bbox 902 1216 1174 1264; x_wconf 81' lang='lat' dir='ltr'>craffissimum</span> <span class='ocrx_word' id='word_1_149' title='bbox 1190 1216 1348 1263; x_wconf 56' lang='lat' dir='ltr'>facium</span> <span class='ocrx_word' id='word_1_150' title='bbox 1366 1217 1424 1262; x_wconf 87' lang='lat' dir='ltr'>est</span> <span class='ocrx_word' id='word_1_151' title='bbox 1441 1216 1561 1275; x_wconf 84' lang='lat' dir='ltr'>So-ry,</span> <span class='ocrx_word' id='word_1_152' title='bbox 1599 1221 1642 1263; x_wconf 88' lang='lat'>&amp;</span> <span class='ocrx_word' id='word_1_153' title='bbox 1673 1214 1780 1261; x_wconf 88' lang='lat' dir='ltr'>alio-</span> 
     </span>
     <span class='ocr_line' id='line_1_20' title="bbox 327 1275 1779 1341; baseline 0.001 -17"><span class='ocrx_word' id='word_1_154' title='bbox 327 1290 420 1324; x_wconf 76' lang='lat' dir='ltr'>tum</span> <span class='ocrx_word' id='word_1_155' title='bbox 437 1275 664 1327; x_wconf 65' lang='lat' dir='ltr'>terrestriui:</span> <span class='ocrx_word' id='word_1_156' title='bbox 694 1279 798 1328; x_wconf 80' lang='lat' dir='ltr'>adeo</span> <span class='ocrx_word' id='word_1_157' title='bbox 813 1279 928 1341; x_wconf 88' lang='lat' dir='ltr'>quod</span> <span class='ocrx_word' id='word_1_158' title='bbox 952 1279 1187 1341; x_wconf 80' lang='lat' dir='ltr'>lapidosum</span> <span class='ocrx_word' id='word_1_159' title='bbox 1202 1281 1261 1326; x_wconf 85' lang='lat' dir='ltr'>est</span> <span class='ocrx_word' id='word_1_160' title='bbox 1294 1296 1304 1323; x_wconf 73' lang='grc' dir='ltr'><strong><em>ε</em></strong></span> <span class='ocrx_word' id='word_1_161' title='bbox 1337 1277 1446 1340; x_wconf 87' lang='lat' dir='ltr'>Misy</span> <span class='ocrx_word' id='word_1_162' title='bbox 1476 1277 1779 1325; x_wconf 74' lang='lat' dir='ltr'>ve·rotenu³ssi-</span> 
     </span>
     <span class='ocr_line' id='line_1_21' title="bbox 326 1340 1781 1405; baseline 0.004 -20"><span class='ocrx_word' id='word_1_163' title='bbox 326 1353 441 1386; x_wconf 73' lang='lat' dir='ltr'>mum</span> <span class='ocrx_word' id='word_1_164' title='bbox 462 1344 533 1399; x_wconf 74' lang='lat' dir='ltr'>est,</span> <span class='ocrx_word' id='word_1_165' title='bbox 570 1349 609 1388; x_wconf 65' lang='grc' dir='ltr'>ὅ(</span> <span class='ocrx_word' id='word_1_166' title='bbox 644 1358 738 1391; x_wconf 89' lang='lat' dir='ltr'>non</span> <span class='ocrx_word' id='word_1_167' title='bbox 767 1342 999 1405; x_wconf 80' lang='lat' dir='ltr'>lapidosum</span> <span class='ocrx_word' id='word_1_168' title='bbox 1015 1345 1075 1390; x_wconf 87' lang='lat' dir='ltr'>est</span> <span class='ocrx_word' id='word_1_169' title='bbox 1110 1340 1223 1392; x_wconf 15' lang='lat' dir='ltr'>:Ased</span> <span class='ocrx_word' id='word_1_170' title='bbox 1255 1340 1451 1402; x_wconf 71' lang='lat' dir='ltr'>Chalcity</span> <span class='ocrx_word' id='word_1_171' title='bbox 1483 1344 1624 1387; x_wconf 83' lang='lat' dir='ltr'>locum</span> <span class='ocrx_word' id='word_1_172' title='bbox 1656 1354 1781 1389; x_wconf 80' lang='lat' dir='ltr'>tenet</span> 
     </span>
     <span class='ocr_line' id='line_1_22' title="bbox 327 1402 1780 1468; baseline 0.001 -19"><span class='ocrx_word' id='word_1_173' title='bbox 327 1402 510 1453; x_wconf 78' lang='lat' dir='ltr'>medium</span> <span class='ocrx_word' id='word_1_174' title='bbox 528 1405 644 1457; x_wconf 86' lang='lat' dir='ltr'>inter</span> <span class='ocrx_word' id='word_1_175' title='bbox 674 1409 843 1468; x_wconf 86' lang='lat' dir='ltr'>Sorym,</span> <span class='ocrx_word' id='word_1_176' title='bbox 875 1413 915 1453; x_wconf 83' lang='lat'>&amp;</span> <span class='ocrx_word' id='word_1_177' title='bbox 951 1405 1109 1467; x_wconf 89' lang='lat' dir='ltr'>Misym</span> <span class='ocrx_word' id='word_1_178' title='bbox 1138 1403 1401 1465; x_wconf 84' lang='lat' dir='ltr'>mediamque</span> <span class='ocrx_word' id='word_1_179' title='bbox 1430 1404 1675 1450; x_wconf 83' lang='lat' dir='ltr'>facultatem</span> <span class='ocrx_word' id='word_1_180' title='bbox 1705 1403 1780 1450; x_wconf 81' lang='lat' dir='ltr'>ha-</span> 
     </span>
     <span class='ocr_line' id='line_1_23' title="bbox 329 1463 1780 1532; baseline 0.005 -23"><span class='ocrx_word' id='word_1_181' title='bbox 329 1463 404 1511; x_wconf 88' lang='lat' dir='ltr'>bet</span> <span class='ocrx_word' id='word_1_182' title='bbox 435 1466 549 1516; x_wconf 88' lang='lat' dir='ltr'>inter</span> <span class='ocrx_word' id='word_1_183' title='bbox 576 1486 653 1525; x_wconf 80' lang='lat' dir='ltr'>ea,</span> <span class='ocrx_word' id='word_1_184' title='bbox 700 1478 742 1520; x_wconf 73' lang='grc' dir='ltr'>,δι</span> <span class='ocrx_word' id='word_1_185' title='bbox 776 1470 1019 1532; x_wconf 74' lang='lat' dir='ltr'>singulatim</span> <span class='ocrx_word' id='word_1_186' title='bbox 1047 1468 1189 1516; x_wconf 81' lang='lat' dir='ltr'>omnia</span> <span class='ocrx_word' id='word_1_187' title='bbox 1223 1467 1307 1515; x_wconf 85' lang='lat' dir='ltr'>haec</span> <span class='ocrx_word' id='word_1_188' title='bbox 1340 1466 1501 1515; x_wconf 86' lang='lat' dir='ltr'>habent</span> <span class='ocrx_word' id='word_1_189' title='bbox 1532 1464 1780 1516; x_wconf 82' lang='lat' dir='ltr'>differentes</span> 
     </span>
     <span class='ocr_line' id='line_1_24' title="bbox 330 1529 1779 1593; baseline 0.001 -19"><span class='ocrx_word' id='word_1_190' title='bbox 330 1532 503 1578; x_wconf 82' lang='lat' dir='ltr'>colores</span> <span class='ocrx_word' id='word_1_191' title='bbox 533 1533 620 1590; x_wconf 72' lang='lat' dir='ltr'>jam</span> <span class='ocrx_word' id='word_1_192' title='bbox 638 1533 832 1593; x_wconf 80' lang='lat' dir='ltr'>proditos</span> <span class='ocrx_word' id='word_1_193' title='bbox 863 1533 970 1580; x_wconf 81' lang='lat' dir='ltr'>locis</span> <span class='ocrx_word' id='word_1_194' title='bbox 1001 1532 1098 1586; x_wconf 84' lang='lat' dir='ltr'>suis,</span> <span class='ocrx_word' id='word_1_195' title='bbox 1130 1531 1294 1581; x_wconf 85' lang='lat' dir='ltr'>etenim</span> <span class='ocrx_word' id='word_1_196' title='bbox 1322 1545 1425 1578; x_wconf 81' lang='lat' dir='ltr'>vero</span> <span class='ocrx_word' id='word_1_197' title='bbox 1441 1529 1594 1589; x_wconf 78' lang='lat' dir='ltr'>lingula</span> <span class='ocrx_word' id='word_1_198' title='bbox 1625 1544 1779 1581; x_wconf 83' lang='lat' dir='ltr'>eorum</span> 
     </span>
     <span class='ocr_line' id='line_1_25' title="bbox 328 1591 1778 1657; baseline 0.003 -19"><span class='ocrx_word' id='word_1_199' title='bbox 328 1591 578 1655; x_wconf 77' lang='lat' dir='ltr'>astringunt,</span> <span class='ocrx_word' id='word_1_200' title='bbox 616 1603 657 1644; x_wconf 69' lang='grc' dir='ltr'>δε</span> <span class='ocrx_word' id='word_1_201' title='bbox 676 1611 731 1641; x_wconf 91' lang='lat' dir='ltr'>eo</span> <span class='ocrx_word' id='word_1_202' title='bbox 762 1596 894 1657; x_wconf 80' lang='lat' dir='ltr'>magis</span> <span class='ocrx_word' id='word_1_203' title='bbox 910 1595 1174 1650; x_wconf 84' lang='lat' dir='ltr'>calefaciunt,</span> <span class='ocrx_word' id='word_1_204' title='bbox 1200 1602 1250 1644; x_wconf 69' lang='grc' dir='ltr'>,δι</span> <span class='ocrx_word' id='word_1_205' title='bbox 1267 1593 1414 1641; x_wconf 79' lang='lat' dir='ltr'>siccant</span> <span class='ocrx_word' id='word_1_206' title='bbox 1430 1607 1567 1655; x_wconf 85' lang='lat' dir='ltr'>prope</span> <span class='ocrx_word' id='word_1_207' title='bbox 1586 1608 1778 1653; x_wconf 76' lang='lat' dir='ltr'>quirtum</span> 
     </span>
     <span class='ocr_line' id='line_1_26' title="bbox 328 1655 1779 1714; baseline 0.003 -14"><span class='ocrx_word' id='word_1_208' title='bbox 328 1655 530 1705; x_wconf 84' lang='lat' dir='ltr'>ordinem</span> <span class='ocrx_word' id='word_1_209' title='bbox 544 1658 722 1707; x_wconf 74' lang='lat' dir='ltr'>adurunt</span> <span class='ocrx_word' id='word_1_210' title='bbox 737 1658 846 1706; x_wconf 84' lang='lat' dir='ltr'>adeo</span> <span class='ocrx_word' id='word_1_211' title='bbox 864 1674 1047 1714; x_wconf 66' lang='lat' dir='ltr'>carnem,</span> <span class='ocrx_word' id='word_1_212' title='bbox 1064 1673 1124 1705; x_wconf 70' lang='lat' dir='ltr'>,ut</span> <span class='ocrx_word' id='word_1_213' title='bbox 1142 1656 1348 1705; x_wconf 81' lang='lat' dir='ltr'>escharam</span> <span class='ocrx_word' id='word_1_214' title='bbox 1376 1656 1595 1702; x_wconf 85' lang='lat' dir='ltr'>excitent:</span> <span class='ocrx_word' id='word_1_215' title='bbox 1629 1656 1779 1705; x_wconf 82' lang='lat' dir='ltr'>horum</span> 
     </span>
     <span class='ocr_line' id='line_1_27' title="bbox 327 1719 1823 1786; baseline 0.001 -22"><span class='ocrx_word' id='word_1_216' title='bbox 327 1733 428 1786; x_wconf 75' lang='lat' dir='ltr'>yeto</span> <span class='ocrx_word' id='word_1_217' title='bbox 448 1725 550 1785; x_wconf 84' lang='lat' dir='ltr'>Sory</span> <span class='ocrx_word' id='word_1_218' title='bbox 570 1723 702 1783; x_wconf 81' lang='lat' dir='ltr'>magis</span> <span class='ocrx_word' id='word_1_219' title='bbox 719 1722 812 1778; x_wconf 79' lang='lat' dir='ltr'>urit,</span> <span class='ocrx_word' id='word_1_220' title='bbox 846 1730 888 1772; x_wconf 74' lang='grc' dir='ltr'>δε</span> <span class='ocrx_word' id='word_1_221' title='bbox 923 1721 1054 1782; x_wconf 78' lang='lat' dir='ltr'>magis</span> <span class='ocrx_word' id='word_1_222' title='bbox 1085 1720 1290 1780; x_wconf 84' lang='lat' dir='ltr'>astringit,</span> <span class='ocrx_word' id='word_1_223' title='bbox 1319 1719 1538 1781; x_wconf 86' lang='lat' dir='ltr'>minusque</span> <span class='ocrx_word' id='word_1_224' title='bbox 1568 1719 1695 1783; x_wconf 86' lang='lat' dir='ltr'>Misy,</span> <span class='ocrx_word' id='word_1_225' title='bbox 1731 1728 1776 1769; x_wconf 84' lang='lat'>&amp;</span> <span class='ocrx_word' id='word_1_226' title='bbox 1820 1743 1823 1746; x_wconf 94' lang='lat'>·</span> 
     </span>
     <span class='ocr_line' id='line_1_28' title="bbox 329 1781 1781 1846; baseline -0.003 -13"><span class='ocrx_word' id='word_1_227' title='bbox 329 1795 435 1833; x_wconf 75' lang='lat' dir='ltr'>mter</span> <span class='ocrx_word' id='word_1_228' title='bbox 451 1784 541 1846; x_wconf 88' lang='lat' dir='ltr'>ipsa</span> <span class='ocrx_word' id='word_1_229' title='bbox 557 1785 744 1833; x_wconf 90' lang='lat' dir='ltr'>medium</span> <span class='ocrx_word' id='word_1_230' title='bbox 758 1800 957 1844; x_wconf 80' lang='lat' dir='ltr'>operatur</span> <span class='ocrx_word' id='word_1_231' title='bbox 971 1784 1170 1844; x_wconf 81' lang='lat' dir='ltr'>Chalcity</span> <span class='ocrx_word' id='word_1_232' title='bbox 1188 1799 1199 1827; x_wconf 91' lang='lat'><strong>:</strong></span> <span class='ocrx_word' id='word_1_233' title='bbox 1230 1783 1316 1829; x_wconf 85' lang='lat' dir='ltr'>haec</span> <span class='ocrx_word' id='word_1_234' title='bbox 1335 1797 1473 1832; x_wconf 87' lang='lat' dir='ltr'>autem</span> <span class='ocrx_word' id='word_1_235' title='bbox 1491 1781 1550 1828; x_wconf 73' lang='lat' dir='ltr'>dev</span> <span class='ocrx_word' id='word_1_236' title='bbox 1562 1782 1781 1833; x_wconf 87' lang='lat' dir='ltr'>atramenti</span> 
     </span>
     <span class='ocr_line' id='line_1_29' title="bbox 331 1844 1783 1910; baseline 0.001 -20"><span class='ocrx_word' id='word_1_237' title='bbox 331 1848 536 1894; x_wconf 86' lang='lat' dir='ltr'>metallici</span> <span class='ocrx_word' id='word_1_238' title='bbox 551 1847 805 1896; x_wconf 85' lang='lat' dir='ltr'>differentiis</span> <span class='ocrx_word' id='word_1_239' title='bbox 820 1848 1020 1899; x_wconf 82' lang='lat' dir='ltr'>sufficiant</span> <span class='ocrx_word' id='word_1_240' title='bbox 1042 1868 1056 1904; x_wconf 87' lang='lat'>;</span> <span class='ocrx_word' id='word_1_241' title='bbox 1084 1861 1372 1910; x_wconf 73' lang='lat' dir='ltr'>opportunum</span> <span class='ocrx_word' id='word_1_242' title='bbox 1405 1844 1523 1892; x_wconf 82' lang='lat' dir='ltr'>enim</span> <span class='ocrx_word' id='word_1_243' title='bbox 1538 1847 1611 1901; x_wconf 81' lang='lat' dir='ltr'>est,</span> <span class='ocrx_word' id='word_1_244' title='bbox 1643 1863 1687 1894; x_wconf 89' lang='lat' dir='ltr'>ut</span> <span class='ocrx_word' id='word_1_245' title='bbox 1716 1862 1783 1893; x_wconf 85' lang='lat' dir='ltr'>ac-</span> 
     </span>
     <span class='ocr_line' id='line_1_30' title="bbox 330 1908 1782 1971; baseline 0.002 -18"><span class='ocrx_word' id='word_1_246' title='bbox 330 1908 522 1958; x_wconf 84' lang='lat' dir='ltr'>cedamus</span> <span class='ocrx_word' id='word_1_247' title='bbox 540 1911 591 1958; x_wconf 89' lang='lat' dir='ltr'>ad</span> <span class='ocrx_word' id='word_1_248' title='bbox 604 1926 888 1959; x_wconf 81' lang='lat' dir='ltr'>atramentum</span> <span class='ocrx_word' id='word_1_249' title='bbox 903 1912 1131 1967; x_wconf 74' lang='lat' dir='ltr'>Sutosium,</span> <span class='ocrx_word' id='word_1_250' title='bbox 1163 1908 1279 1971; x_wconf 90' lang='lat' dir='ltr'>quod</span> <span class='ocrx_word' id='word_1_251' title='bbox 1293 1910 1422 1957; x_wconf 86' lang='lat' dir='ltr'>etiam</span> <span class='ocrx_word' id='word_1_252' title='bbox 1436 1909 1655 1956; x_wconf 79' lang='lat' dir='ltr'>metallico</span> <span class='ocrx_word' id='word_1_253' title='bbox 1671 1925 1782 1956; x_wconf 88' lang='lat' dir='ltr'>con-</span> 
     </span>
     <span class='ocr_line' id='line_1_31' title="bbox 330 1970 1781 2036; baseline 0 -18"><span class='ocrx_word' id='word_1_254' title='bbox 330 1973 466 2027; x_wconf 81' lang='lat' dir='ltr'>venit,</span> <span class='ocrx_word' id='word_1_255' title='bbox 499 1990 702 2036; x_wconf 78' lang='lat' dir='ltr'>quatenus</span> <span class='ocrx_word' id='word_1_256' title='bbox 716 1973 768 2022; x_wconf 88' lang='lat' dir='ltr'>ab</span> <span class='ocrx_word' id='word_1_257' title='bbox 784 1991 840 2022; x_wconf 94' lang='lat' dir='ltr'>eo</span> <span class='ocrx_word' id='word_1_258' title='bbox 856 1974 1075 2030; x_wconf 84' lang='lat' dir='ltr'>derivatur,</span> <span class='ocrx_word' id='word_1_259' title='bbox 1104 1971 1460 2035; x_wconf 66' lang='lat' dir='ltr'>quemadmodum</span> <span class='ocrx_word' id='word_1_260' title='bbox 1478 1970 1576 2020; x_wconf 86' lang='lat' dir='ltr'>alias</span> <span class='ocrx_word' id='word_1_261' title='bbox 1592 1972 1781 2034; x_wconf 82' lang='lat' dir='ltr'>explica-</span> 
     </span>
     <span class='ocr_line' id='line_1_32' title="bbox 332 2034 1782 2096; baseline 0.003 -18"><span class='ocrx_word' id='word_1_262' title='bbox 332 2038 535 2094; x_wconf 82' lang='lat' dir='ltr'>tumfuit,</span> <span class='ocrx_word' id='word_1_263' title='bbox 573 2045 611 2085; x_wconf 66' lang='grc' dir='ltr'>δι</span> <span class='ocrx_word' id='word_1_264' title='bbox 631 2037 672 2086; x_wconf 90' lang='lat' dir='ltr'>in</span> <span class='ocrx_word' id='word_1_265' title='bbox 690 2037 1211 2088; x_wconf 55' lang='lat' dir='ltr'>eumconvertiturtrfflu</span> <span class='ocrx_word' id='word_1_266' title='bbox 1243 2034 1471 2096; x_wconf 80' lang='lat' dir='ltr'>temporis,</span> <span class='ocrx_word' id='word_1_267' title='bbox 1504 2034 1782 2084; x_wconf 87' lang='lat' dir='ltr'>nihilominus</span> 
     </span>
     <span class='ocr_line' id='line_1_33' title="bbox 333 2098 1782 2151; baseline -0.001 -4"><span class='ocrx_word' id='word_1_268' title='bbox 333 2100 417 2147; x_wconf 88' lang='lat' dir='ltr'>hoc</span> <span class='ocrx_word' id='word_1_269' title='bbox 434 2103 560 2149; x_wconf 88' lang='lat' dir='ltr'>etiam</span> <span class='ocrx_word' id='word_1_270' title='bbox 574 2098 716 2151; x_wconf 75' lang='lat' dir='ltr'>differt</span> <span class='ocrx_word' id='word_1_271' title='bbox 737 2100 788 2149; x_wconf 81' lang='lat' dir='ltr'>ab</span> <span class='ocrx_word' id='word_1_272' title='bbox 804 2101 960 2149; x_wconf 89' lang='lat' dir='ltr'>eodem</span> <span class='ocrx_word' id='word_1_273' title='bbox 980 2120 990 2146; x_wconf 75' lang='grc' dir='ltr'>ε</span> <span class='ocrx_word' id='word_1_274' title='bbox 1022 2102 1180 2149; x_wconf 62' lang='lat' dir='ltr'>fafflum</span> <span class='ocrx_word' id='word_1_275' title='bbox 1193 2100 1309 2146; x_wconf 88' lang='lat' dir='ltr'>enim</span> <span class='ocrx_word' id='word_1_276' title='bbox 1325 2101 1385 2147; x_wconf 83' lang='lat' dir='ltr'>est</span> <span class='ocrx_word' id='word_1_277' title='bbox 1401 2113 1688 2147; x_wconf 85' lang='lat' dir='ltr'>atramentum</span> <span class='ocrx_word' id='word_1_278' title='bbox 1706 2104 1782 2146; x_wconf 88' lang='lat' dir='ltr'>Su-</span> 
     </span>
     <span class='ocr_line' id='line_1_34' title="bbox 326 2162 1779 2225; baseline -0.003 -13"><span class='ocrx_word' id='word_1_279' title='bbox 326 2165 492 2213; x_wconf 22' lang='lat' dir='ltr'>‘toriurn</span> <span class='ocrx_word' id='word_1_280' title='bbox 508 2182 560 2212; x_wconf 86' lang='lat' dir='ltr'>ex</span> <span class='ocrx_word' id='word_1_281' title='bbox 579 2163 795 2212; x_wconf 75' lang='lat' dir='ltr'>substantia</span> <span class='ocrx_word' id='word_1_282' title='bbox 814 2164 1034 2214; x_wconf 86' lang='lat' dir='ltr'>atramenti</span> <span class='ocrx_word' id='word_1_283' title='bbox 1049 2163 1250 2212; x_wconf 83' lang='lat' dir='ltr'>metallici</span> <span class='ocrx_word' id='word_1_284' title='bbox 1263 2162 1436 2212; x_wconf 52' lang='lat' dir='ltr'>solutae</span> <span class='ocrx_word' id='word_1_285' title='bbox 1463 2162 1596 2225; x_wconf 64' lang='lat' dir='ltr'>pluvia</span> <span class='ocrx_word' id='word_1_286' title='bbox 1627 2177 1779 2225; x_wconf 86' lang='lat' dir='ltr'>perco-</span> 
     </span>
     <span class='ocr_line' id='line_1_35' title="bbox 336 2227 1782 2288; baseline -0.003 -14"><span class='ocrx_word' id='word_1_287' title='bbox 336 2231 435 2283; x_wconf 81' lang='lat' dir='ltr'>lata,</span> <span class='ocrx_word' id='word_1_288' title='bbox 468 2237 510 2278; x_wconf 84' lang='lat'>&amp;</span> <span class='ocrx_word' id='word_1_289' title='bbox 530 2228 723 2288; x_wconf 89' lang='lat' dir='ltr'>depurata</span> <span class='ocrx_word' id='word_1_290' title='bbox 750 2228 775 2275; x_wconf 73' lang='grc' dir='ltr'>ὲ</span> <span class='ocrx_word' id='word_1_291' title='bbox 805 2243 980 2286; x_wconf 82' lang='lat' dir='ltr'>natura3</span> <span class='ocrx_word' id='word_1_292' title='bbox 1003 2228 1113 2276; x_wconf 84' lang='lat' dir='ltr'>‚hinc</span> <span class='ocrx_word' id='word_1_293' title='bbox 1143 2227 1372 2276; x_wconf 84' lang='lat' dir='ltr'>concrescit</span> <span class='ocrx_word' id='word_1_294' title='bbox 1402 2240 1678 2277; x_wconf 81' lang='lat' dir='ltr'>atramentum</span> <span class='ocrx_word' id='word_1_295' title='bbox 1703 2227 1782 2271; x_wconf 89' lang='lat' dir='ltr'>Su-</span> 
     </span>
     <span class='ocr_line' id='line_1_36' title="bbox 336 2287 1781 2352; baseline -0.001 -14"><span class='ocrx_word' id='word_1_296' title='bbox 336 2292 493 2339; x_wconf 86' lang='lat' dir='ltr'>torium</span> <span class='ocrx_word' id='word_1_297' title='bbox 512 2290 641 2352; x_wconf 77' lang='lat' dir='ltr'>magis</span> <span class='ocrx_word' id='word_1_298' title='bbox 656 2290 920 2348; x_wconf 76' lang='lat' dir='ltr'>dilutum,..&amp;</span> <span class='ocrx_word' id='word_1_299' title='bbox 937 2292 1070 2340; x_wconf 86' lang='lat' dir='ltr'>minus</span> <span class='ocrx_word' id='word_1_300' title='bbox 1081 2292 1275 2338; x_wconf 84' lang='lat' dir='ltr'>terrestre</span> <span class='ocrx_word' id='word_1_301' title='bbox 1301 2305 1424 2351; x_wconf 82' lang='lat' dir='ltr'>quam</span> <span class='ocrx_word' id='word_1_302' title='bbox 1441 2290 1491 2335; x_wconf 91' lang='lat' dir='ltr'>s1t</span> <span class='ocrx_word' id='word_1_303' title='bbox 1506 2287 1781 2345; x_wconf 88' lang='lat' dir='ltr'>metallicum,</span> 
     </span>
     <span class='ocr_line' id='line_1_37' title="bbox 335 2350 1782 2416; baseline -0.001 -16"><span class='ocrx_word' id='word_1_304' title='bbox 335 2368 490 2415; x_wconf 74' lang='lat' dir='ltr'>praeter</span> <span class='ocrx_word' id='word_1_305' title='bbox 505 2354 620 2415; x_wconf 88' lang='lat' dir='ltr'>quod</span> <span class='ocrx_word' id='word_1_306' title='bbox 643 2354 854 2401; x_wconf 84' lang='lat' dir='ltr'>Sutorium</span> <span class='ocrx_word' id='word_1_307' title='bbox 882 2357 941 2402; x_wconf 89' lang='lat' dir='ltr'>est</span> <span class='ocrx_word' id='word_1_308' title='bbox 955 2354 1087 2416; x_wconf 82' lang='lat' dir='ltr'>magis</span> <span class='ocrx_word' id='word_1_309' title='bbox 1104 2352 1300 2410; x_wconf 83' lang='lat' dir='ltr'>lucidum,</span> <span class='ocrx_word' id='word_1_310' title='bbox 1335 2358 1376 2398; x_wconf 75' lang='grc' dir='ltr'>δι</span> <span class='ocrx_word' id='word_1_311' title='bbox 1398 2350 1610 2408; x_wconf 87' lang='lat' dir='ltr'>acerbum,</span> <span class='ocrx_word' id='word_1_312' title='bbox 1626 2351 1782 2407; x_wconf 78' lang='lat' dir='ltr'>idcirco</span> 
     </span>
     <span class='ocr_line' id='line_1_38' title="bbox 336 2414 1784 2478; baseline -0.001 -14"><span class='ocrx_word' id='word_1_313' title='bbox 336 2418 476 2464; x_wconf 84' lang='lat' dir='ltr'>multo</span> <span class='ocrx_word' id='word_1_314' title='bbox 491 2416 621 2478; x_wconf 82' lang='lat' dir='ltr'>magis</span> <span class='ocrx_word' id='word_1_315' title='bbox 639 2416 871 2478; x_wconf 77' lang='lat' dir='ltr'>astringens</span> <span class='ocrx_word' id='word_1_316' title='bbox 889 2418 1085 2474; x_wconf 84' lang='lat' dir='ltr'>calidum,</span> <span class='ocrx_word' id='word_1_317' title='bbox 1119 2425 1162 2469; x_wconf 85' lang='lat'>&amp;</span> <span class='ocrx_word' id='word_1_318' title='bbox 1182 2418 1328 2463; x_wconf 71' lang='lat' dir='ltr'>siccum</span> <span class='ocrx_word' id='word_1_319' title='bbox 1345 2414 1623 2463; x_wconf 76' lang='lat' dir='ltr'>constitutum</span> <span class='ocrx_word' id='word_1_320' title='bbox 1652 2419 1710 2462; x_wconf 83' lang='lat' dir='ltr'>est</span> <span class='ocrx_word' id='word_1_321' title='bbox 1737 2415 1784 2463; x_wconf 93' lang='lat' dir='ltr'>in</span> 
     </span>
     <span class='ocr_line' id='line_1_39' title="bbox 322 2478 1787 2588; baseline -0.005 -58"><span class='ocrx_word' id='word_1_322' title='bbox 322 2480 465 2535; x_wconf 75' lang='lat' dir='ltr'>tertio</span> <span class='ocrx_word' id='word_1_323' title='bbox 481 2481 610 2542; x_wconf 84' lang='lat' dir='ltr'>gradu</span> <span class='ocrx_word' id='word_1_324' title='bbox 625 2496 720 2528; x_wconf 85' lang='lat' dir='ltr'>cum</span> <span class='ocrx_word' id='word_1_325' title='bbox 736 2480 817 2529; x_wconf 87' lang='lat' dir='ltr'>levi</span> <span class='ocrx_word' id='word_1_326' title='bbox 833 2481 1092 2531; x_wconf 73' lang='lat' dir='ltr'>acrimonia:</span> <span class='ocrx_word' id='word_1_327' title='bbox 1122 2484 1380 2544; x_wconf 81' lang='lat' dir='ltr'>quapropter</span> <span class='ocrx_word' id='word_1_328' title='bbox 1397 2487 1599 2533; x_wconf 77' lang='lat' dir='ltr'>cum-non</span> <span class='ocrx_word' id='word_1_329' title='bbox 1616 2479 1673 2526; x_wconf 81' lang='lat' dir='ltr'>fit</span> <span class='ocrx_word' id='word_1_330' title='bbox 1699 2478 1787 2588; x_wconf 55' lang='lat' dir='ltr'>goe</span> 
     </span>
     <span class='ocr_line' id='line_1_40' title="bbox 1673 2557 1781 2590; baseline -0.009 0"><span class='ocrx_word' id='word_1_331' title='bbox 1673 2559 1696 2590; x_wconf 85' lang='lat' dir='ltr'>a</span> <span class='ocrx_word' id='word_1_332' title='bbox 1728 2557 1781 2590; x_wconf 88' lang='lat' dir='ltr'>eo</span> 
     </span>
    </p>
   </div>
  </div>
 </body>
</html>
