1967 2833
277 63 429 176 ''iss-'14
737 54 1349 172 Sextaefflffaxiptio
1387 69 1440 144 s.

280 187 405 237 Iib.2.
441 182 628 250 Simplic.⁴
646 185 819 233 Medic.
838 187 1010 232 Facult.
1046 184 1187 247 inquit
1206 201 1299 232 cum
1328 198 1432 246 aqui
1452 182 1618 233 solvitur
1637 186 1663 233 a
1679 202 1748 233 can

282 254 375 299 lore
389 251 566 299 efficitur
583 263 652 298 aer
667 265 769 297 mox
786 263 974 295 mutatur
991 248 1034 297 in
1053 248 1313 309 frigidam&
1332 247 1377 294 in
1392 247 1582 294 sensilem
1601 264 1752 309 aquarn

274 314 464 364 -vertirur
483 330 496 358 z
527 311 587 360 his
604 327 694 363 tum
711 309 953 373 Aristotelis
974 326 1062 358 tum
1081 310 1210 358 etiam
1228 309 1376 357 Galem‘
1395 309 1575 358 habetur
1597 312 1752 360 modus

288 376 572 427 distillationis
601 375 903 438 apertissimus,
942 389 1141 436 practerea
1167 373 1283 420 libro
1322 372 1511 431 ejusdem
1541 376 1754 425 facultatis

289 440 456 502 primo,¹
478 448 520 493 ὅ(
537 454 620 503 cap.
630 457 673 502 4.»
692 439 892 498 deaquae
920 439 1123 488 facultate
1151 439 1241 484 usus
1258 439 1316 484 est
1343 441 1525 484 Galenus
1542 439 1759 500 sequenti-

292 503 369 552 bus
386 502 526 552 vetbis
549 503 751 567 propriis,
785 501 855 551 ubi
870 517 944 566 per
973 499 1225 548 bituminosa
1254 499 1491 562 sulphurosa
1517 501 1676 549 nitrosa
1692 518 1762 551 aut

295 569 530 616 aluminosa
544 566 870 622 distillat‚rursus
890 582 940 613 ex
959 579 1110 614 mente
1123 563 1361 624 Aristotelis
1377 564 1564 625 exposuit
1585 580 1675 613 non
1691 569 1762 613 so-

297 630 389 678 lum
406 646 578 693 vapores
607 645 765 690 aqueos
793 628 1018 676 ascendere
1050 645 1124 689 per
1151 643 1279 678 venas
1295 626 1483 688 quasdam
1515 628 1567 676 ad
1581 628 1762 690 crepidi-

299 709 400 743 nem
417 693 632 742 montium
650 695 905 754 inferneque
921 692 1020 741 inde
1035 691 1231 739 distillare
1251 709 1264 737 t
1299 698 1340 741 &
1365 689 1530 749 [σηκὶς.
1562 691 1607 739 in
1624 691 1698 740 lib.
1718 698 1764 740 6.

304 758 438 822 Hipp.
456 758 506 804 de
521 761 645 822 Vulg.
666 757 841 819 (θηοῖό.
861 758 1030 803 locutus
1047 757 1124 811 est,
1155 753 1210 802 de
1226 754 1372 802 resinis
1387 758 1546 817 sponte
1561 755 1768 804 distillan-

303 819 432 878 tibus,
463 821 787 882 pulcberrimum
802 835 903 869 vero
918 819 1162 881 exemplum
1192 817 1472 867 distillationis
1503 816 1683 866 hibetur
1712 816 1767 865 ab

306 885 584 947 Hlppocrate,
600 884 674 931 lib.
693 885 741 931 de
764 881 964 940 Flatibm,
979 898 1072 946 pag.
1088 899 1195 943 147.
1228 880 1297 927 ubi
1315 882 1503 943 explicat
1535 880 1768 930 fierisudo-

308 964 400 998 rem
419 950 464 995 in
484 963 662 1009 corpore
674 963 728 994 ex
743 947 939 1010 sanguine
953 945 1213 1003 abundante,
1251 951 1291 991 δε
1314 946 1488 992 accenso
1505 945 1577 1006 qui
1608 947 1634 993 ὲ
1648 959 1773 994 natu-

313 1027 358 1060 ra
372 1025 610 1059 attenuatus
627 1014 811 1059 elevatur
827 1011 884 1071 uin
911 1009 1114 1070 spiritum,
1150 1014 1191 1055 ὅ(
1226 1007 1267 1055 in
1297 1022 1446 1071 aquam
1480 1012 1775 1057 transmutatur

315 1089 406 1136 quae
423 1089 498 1136 per
515 1089 672 1122 meatus
688 1089 913 1136 penetrans
926 1088 1042 1122 exrra
1054 1070 1296 1135 prorumpit
1333 1072 1378 1118 in
1393 1069 1586 1120 sudorem
1621 1070 1778 1119 eodem

315 1137 448 1201 plane
467 1135 602 1185 modo
616 1152 701 1198 quo
717 1139 741 1184 a
772 1134 1033 1187 serventibus
1063 1134 1175 1199 aquis
1207 1136 1252 1183 in
1265 1133 1409 1183 lebete
1425 1149 1554 1196 vapor
1571 1136 1781 1193 elevatus,

317 1200 788 1263 fiobstaculum-habeat
820 1200 870 1249 ad
897 1197 1016 1262 quod
1033 1198 1271 1262 impingere
1287 1211 1465 1262 oportet
1484 1198 1708 1260 pinguefit,
1734 1213 1782 1246 ac

319 1264 604 1312 condensatur
619 1279 838 1328 guttaeque
853 1262 1082 1311 distillant:
1117 1261 1179 1310 his
1208 1261 1388 1327 propriis
1423 1261 1595 1310 vocibus
1611 1261 1783 1310 distilla-

321 1327 491 1375 tionem
507 1329 703 1388 expreffit
721 1328 998 1393 Hippocrates
1017 1344 1028 1371 ε
1059 1341 1266 1389 praetereo
1283 1339 1426 1376 autem
1441 1324 1662 1388 plerosque
1678 1324 1786 1373 alios

324 1393 448 1437 locos
466 1392 735 1455 Hippocratis
750 1408 873 1453 atque
891 1391 1039 1439 Galeni
1054 1389 1207 1452 quibus
1235 1391 1466 1438 meminere
1480 1388 1532 1436 de
1549 1389 1787 1438 distillatio-

329 1452 456 1500 nibus
475 1460 650 1516 quadam
668 1454 941 1504 fimilitudine
953 1451 1274 1502 occurrentibus
1296 1450 1546 1514 corporibus
1563 1452 1754 1501 humanis
1772 1473 1787 1499 .-

332 1532 376 1566 ut
392 1516 442 1565 ad
473 1517 785 1567 medicamenta
800 1534 887 1580 quae
917 1515 1347 1580 praeparanturmodo
1378 1514 1618 1578 Spagyrico,
1648 1533 1691 1566 ut
1707 1518 1791 1566 dici

331 1583 582 1629 consuetum
596 1586 673 1638 est,
703 1583 728 1629 a
758 1579 993 1640 junioribus
1009 1594 1311 1642 properemus-.-
1348 1586 1392 1628 &
1408 1594 1488 1641 prae
1508 1580 1668 1628 caeteris
1685 1580 1792 1627 Iocis

335 1648 531 1703 Galenus,
560 1644 635 1694 lib.
653 1664 696 1694 2.
723 1646 771 1693 de
790 1643 983 1707 Simplic.
1021 1643 1194 1689 Medic.
1230 1646 1398 1690 facult.
1431 1657 1519 1705 cap.
1544 1647 1615 1691 18.
1650 1643 1793 1692 docuit

335 1706 520 1770 pluribus
537 1709 674 1755 modis
690 1706 902 1770 purificare
915 1709 1077 1763 oleum,
1108 1714 1151 1756 &
1166 1706 1309 1768 primo
1325 1704 1370 1752 in
1384 1708 1577 1753 fervente
1594 1709 1680 1754 sole
1696 1707 1795 1754 lati-

339 1770 425 1818 oris
441 1772 601 1821 vasculo
618 1773 705 1820 olei
719 1774 852 1835 pleno
871 1769 1081 1832 depofit0,
1097 1768 1271 1817 conchis
1289 1770 1334 1816 in
1349 1768 1482 1816 altum
1497 1768 1682 1827 sublatis,
1698 1768 1794 1816 sub-

338 1833 442 1881 inde
460 1833 501 1881 id
517 1851 610 1881 cum
624 1835 797 1897 strepitu
823 1833 995 1895 desuper
1008 1831 1303 1882 conturbant:
1337 1847 1406 1878 aut
1433 1831 1797 1882 calidosvsvasculis

342 1899 490 1946 oleum
503 1896 826 1947 continentibus
839 1898 1002 1945 cineres
1019 1895 1244 1955 subjiciunt
1261 1895 1437 1944 solarem
1454 1911 1578 1957 quam
1593 1896 1684 1944 fieri
1699 1900 1800 1961 pos-

345 1962 397 2009 fit
415 1961 598 2008 maxime
613 1965 798 2009 calorem
828 1959 1014 2007 imitati:
1048 1961 1259 2018 majorem
1288 1959 1405 2007 enim
1432 1958 1566 2007 vitant
1584 1961 1654 2023 qui
1669 1960 1802 2022 ipsum

349 2023 396 2075 in
410 2024 607 2085 qualitate
623 2028 795 2081 alteret,
825 2038 1103 2086 prompteque
1119 2026 1280 2071 fumum
1308 2022 1489 2072 excitet:
1523 2038 1593 2071 aut
1622 2024 1803 2071 nucleos

343 2090 555 2139 ,olivarum
573 2105 643 2137 aut
672 2093 933 2136 frumentum
963 2086 1222 2133 circumcirca
1253 2100 1504 2147 apponunt:
1534 2102 1602 2134 aut
1624 2086 1807 2135 medica-

351 2167 500 2202 menta
529 2153 716 2215 quaedam
742 2153 839 2201 vasis
869 2151 969 2213 ipsis
995 2150 1195 2209 injiciunt
1216 2169 1228 2196 :
1255 2150 1297 2199 in
1326 2153 1481 2197 summa
1499 2149 1615 2213 quod
1629 2165 1807 2213 aqueum

355 2220 431 2275 est,
466 2215 641 2278 exigunt
663 2230 791 2277 atque
822 2218 1087 2271 consumunt,
1114 2213 1316 2276 reliquum
1335 2229 1476 2263 autem
1504 2217 1694 2263 servant:
1728 2213 1808 2261 hoc

354 2280 481 2328 dulce
495 2278 801 2341 candidumque
817 2281 894 2334 est,
924 2278 1104 2326 minime
1119 2276 1322 2332 mordax:
1359 2276 1418 2322 bis
1447 2276 1605 2327 videtur
1624 2280 1806 2325 Galenus

357 2343 536 2392 innuere
550 2343 694 2390 oleum
707 2340 879 2405 posuisse
895 2341 939 2389 in
966 2341 1169 2389 vasculum
1198 2341 1330 2390 veluti
1360 2338 1523 2388 bociam
1540 2356 1609 2390 aut
1625 2339 1812 2390 cucurbi—

363 2422 455 2454 tam
468 2407 643 2456 vitream
656 2421 782 2468 quam
797 2405 843 2452 in
870 2405 1101 2453 furnellum
1133 2419 1302 2466 ponunt
1333 2406 1449 2464 super
1467 2404 1629 2451 cineres
1645 2406 1815 2463 stratos,

357 2478 409 2524 ,ἃ
426 2470 570 2535 ignem
583 2467 889 2522 subaccendunt
907 2469 1052 2521 lenem
1068 2468 1282 2519 imitantes
1298 2467 1478 2519 solarem
1492 2468 1680 2535 calorem
1694 2466 1811 2530 absq3

1678 2533 1811 2592 fumo,
