1967 2833
662 111 741 192 de
768 112 1034 222 Pyrlte.‘
1505 141 1594 224 39

148 239 287 288 anima
301 237 489 286 carentia
504 233 848 300 quandoquidem
876 235 985 283 nihil
1013 237 1101 283 fine
1133 250 1182 282 ea
1216 236 1312 284 vivit
1344 250 1453 286 terra
1479 237 1590 286 edita

147 320 191 350 ut
204 301 304 349 inde
319 316 431 348 eruta
449 301 637 347 dicantur
653 317 664 344 :
695 315 741 345 ac
757 298 919 346 nullum
935 300 1103 346 sileatur
1117 315 1256 347 rerum
1272 315 1427 346 naturae
1453 316 1558 362 opes
1577 319 1589 346 z

151 372 191 413 3<
212 380 292 426 prae
324 365 503 419 caeteris,
531 358 836 410 recentioribus
866 360 947 408 fuit
973 361 1253 425 Hieronymus
1272 360 1507 419 (urbianus,
1538 364 1590 409 de

136 426 370 489 subtilitate
387 431 555 481 Rerum,
571 424 646 471 lib.
667 445 708 486 5.
726 424 781 472 de
799 424 941 471 mixtis
958 423 1138 480 ass'eruit,
1171 424 1320 473 omnia
1349 425 1465 474 mista
1495 441 1589 474 non

146 490 278 539 modo
294 488 445 546 vivere,
474 504 615 537 verum
631 489 760 535 etiam
774 485 939 534 morbis
956 487 1125 550 corripi,
1157 496 1201 538 δι
1219 489 1434 536 [εςῃεόὶῃεε
1461 504 1591 552 atque

145 567 304 600 morte.
370 552 495 601 Unde
510 551 756 610 exemplum
773 549 915 597 attulit
931 550 984 597 de
1014 566 1232 612 magnete,
1267 567 1318 598 cu
1319 553 1386 610 jus
1416 554 1589 600 facultas

148 620 209 664 est
224 614 413 662 alacriter
429 614 633 662 attrahere
646 617 822 660 ferrum.
885 618 1181 662 Veruntamen
1197 615 1406 675 temporis
1423 614 1589 662 decursu

146 678 262 727 senio
276 678 410 724 fae'tus
430 684 470 723 &
491 676 573 725 vita
594 677 809 725 extinEtus
826 676 931 738 lapis
947 676 1020 724 iste
1035 691 1128 724 non
1156 677 1279 726 trahit
1306 681 1467 725 ferrum
1495 693 1591 726 cum

146 741 208 789 nil
223 739 332 787 aliud
347 740 399 786 fit
413 739 502 788 vita
520 755 646 801 quam
660 738 855 800 operatio
870 739 1015 788 animae
1046 739 1348 788 tantummodo
1378 741 1495 788 enim
1527 741 1590 788 vi-

140 803 286 852 >ventia
301 802 603 863 operationem
619 801 774 849 habent
795 820 806 845 ε
841 804 1048 851 Praeterea
1061 817 1321 864 generantur
1336 804 1524 861 metalla,
1545 809 1587 850 δε

146 870 253 922 saxa,
283 864 603 927 nutriunturque
631 873 674 915 &
691 865 996 913 nutrimentum
1011 881 1104 912 non
1119 866 1169 912 fit
1189 867 1268 913 nifi
1283 865 1334 912 ab
1350 867 1483 915 anima
1500 882 1589 927 quae

146 932 206 975 est
232 927 474 975 immediata
502 931 630 976 causa.
696 927 898 974 Efficiens
920 934 961 974 δὲ
982 928 1096 989 quod
1113 926 1240 974 habet
1271 929 1449 977 animam
1464 929 1588 977 vivit:

148 1007 191 1037 at
208 993 236 1038 fi
253 993 348 1039 vere
366 991 520 1037 nutriri
533 1005 698 1053 negent
716 989 1010 1038 dissentientes
1039 990 1088 1039 ab
1104 990 1164 1037 his
1192 993 1429 1040 concedent
1446 996 1591 1039 sa'tem

144 1070 298 1115 genera
306 1053 462 1110 ri,nihil
476 1070 573 1102 vero
586 1068 814 1114 generatur
830 1054 905 1100 nisi
921 1053 973 1101 ab
987 1054 1189 1110 anima,ea
1201 1057 1314 1102 enim
1329 1057 1416 1102 sola
1431 1055 1591 1110 miscet,

149 1127 192 1168 &
209 1117 434 1177 generatio
450 1116 499 1163 fit
514 1132 589 1177 per
604 1117 859 1172 mulionem,
887 1123 931 1165 ec
949 1116 1088 1164 mistio
1107 1118 1159 1165 fit
1175 1117 1199 1162 a
1211 1119 1352 1164 calore
1369 1119 1440 1179 qui
1456 1134 1521 1167 aut
1535 1120 1595 1165 est

145 1180 285 1227 anima
299 1213 312 1235 ‚
350 1194 418 1225 aut
448 1179 703 1240 adaequatum
731 1179 876 1228 animae
905 1180 1246 1238 instrumentum,
1277 1180 1431 1227 idcirco
1457 1180 1593 1242 inquit

146 1246 198 1289 H
202 1242 422 1306 ippocrates
439 1243 624 1290 animam
637 1243 695 1292 nil
714 1242 821 1292 aliud
835 1241 920 1289 ess'e
934 1258 1058 1305 quam
1077 1244 1248 1290 coeleste
1276 1243 1380 1290 illud
1412 1243 1592 1291 calidum

145 1311 259 1366 quod
274 1306 419 1354 omnia
437 1305 577 1352 miscet
597 1323 608 1349 :
638 1306 751 1353 idem
765 1306 929 1355 affenfit
947 1305 1190 1366 Arzstoteles
1219 1305 1292 1353 ubi
1321 1305 1485 1356 afferuit
1515 1306 1596 1367 spi-

145 1368 246 1415 ritus
262 1366 414 1416 habere
427 1368 765 1429 proportionem
780 1368 990 1429 quandam
1008 1384 1100 1414 cum
1118 1371 1333 1418 elemento
1365 1371 1594 1425 stellarum,

148 1445 407 1493 quapropter
423 1431 695 1491 conspicuum
711 1433 770 1478 est
786 1431 944 1491 lapides
959 1431 1220 1491 metallique
1236 1434 1438 1493 generari,
1455 1442 1496 1482 &
1514 1432 1595 1478 n3i=

145 1499 202 1541 sta
220 1491 303 1540 effe
319 1493 552 1541 elementis
565 1494 591 1539 a
609 1493 768 1552 calore,
804 1493 1011 1556 principia
1027 1495 1146 1541 enim
1178 1496 1474 1556 generationis
1496 1500 1592 1543 sunt

79 1590 83 1591 ν
144 1555 262 1602 calor
285 1555 465 1603 coelessis
503 1562 544 1602 &
576 1559 894 1604 elementorum
909 1556 1125 1605 humidum
1149 1578 1161 1613 3
1196 1573 1420 1619 propterea
1445 1574 1594 1621 neque

146 1619 192 1665 in
211 1618 340 1680 glacie
358 1618 451 1680 quia
462 1619 601 1666 nullus
617 1620 746 1676 calor,
764 1635 925 1681 tneque
946 1621 992 1667 in
1021 1634 1146 1668 arena
1163 1621 1386 1683 quicquam
1414 1637 1609 1683 genera--

147 1695 232 1738 tur,
267 1681 362 1743 quia
379 1681 554 1728 humido
568 1683 691 1729 omni
706 1697 819 1729 caret
837 1705 850 1742 3
886 1684 1018 1732 altera
1037 1684 1156 1731 enim
1173 1684 1319 1732 harum
1347 1685 1595 1745 qualitatum

147 1758 292 1804 agens,
357 1744 688 1805 Altera-patiens
705 1747 780 1791 est.
843 1746 1006 1793 Eadem
1022 1746 1137 1794 mista
1153 1743 1308 1793 habent
1324 1763 1450 1795 venas
1470 1753 1509 1792 Et
1531 1747 1597 1795 in—
1612 1772 1623 1774 *⁷

150 1808 380 1855 strumenta
393 1807 648 1855 nutritionis
669 1816 712 1857 &
729 1822 888 1855 meatus
901 1824 989 1857 non
1005 1809 1185 1858 laxiores
1200 1809 1345 1870 quibus
1358 1811 1480 1856 facile
1496 1814 1594 1870 pos-

147 1872 281 1916 sumus
296 1869 523 1929 persuaderi
538 1886 630 1919 non
646 1871 768 1917 aliter
787 1886 913 1932 quam
928 1876 1097 1934 plantas
1117 1879 1161 1921 δε
1178 1870 1262 1918 offa
1276 1871 1317 1920 in
1334 1872 1595 1930 animalibus,
1616 1904 1617 1907 =

148 1932 296 1980 nutriri
308 1932 468 1994 lapides
484 1947 608 1993 atque
623 1934 807 1989 metalla,
839 1950 934 1983 nam
950 1936 978 1980 fi
1007 1949 1084 1994 per
1110 1935 1448 1983 additamentum
1468 1952 1595 1997 auge-

150 2010 316 2050 rentur,
348 2009 392 2041 ut
409 1995 534 2057 aliqui
547 1994 686 2043 dicunt
705 1996 767 2042 his
783 1996 1096 2057 haudquaquam
1124 1996 1369 2058 indigerent
1390 2016 1401 2042 :
1429 1999 1594 2047 Praete-

148 2074 219 2104 rea
236 2060 340 2106 vero
356 2061 516 2104 constat
533 2057 791 2119 experientia
808 2059 964 2119 lapides
983 2059 1130 2106 nutriri
1144 2060 1319 2122 proprio
1342 2060 1598 2108 intrinseco-

149 2136 232 2182 que
247 2121 455 2167 alimento
471 2120 585 2182 quod
603 2124 661 2167 est
677 2125 706 2166 [ι.
719 2136 814 2167 ecus
832 2121 1017 2183 lapideus
1035 2122 1199 2184 propria
1218 2122 1407 2184 lapidum
1423 2125 1597 2174 materia

148 2183 500 2245 quemadmodum
513 2183 748 2247 Falloppius
781 2183 983 2231 Trastatu
1007 2185 1059 2231 de
1077 2185 1304 2244 Foffilibus,
1338 2185 1511 2244 affensit,
1542 2204 1595 2236 ex

147 2245 352 2309 praedi6³co
365 2249 483 2292 succo
515 2247 682 2308 lapideo
711 2247 904 2308 generari
935 2250 1022 2294 saxa
1043 2268 1055 2295 ε
1080 2249 1202 2295 Idem
1233 2249 1367 2297 voluit
1398 2250 1596 2314 Georgius

153 2309 389 2372 eAgricola
407 2308 448 2355 in
463 2309 537 2355 lib.
553 2326 600 2371 4.
628 2310 678 2356 de
695 2313 875 2357 Natura
889 2313 925 2355 F
927 2308 1114 2367 offilium.
1200 2312 1329 2361 Unde
1361 2316 1593 2362 necessario

150 2370 308 2419 habent
328 2372 373 2417 in
385 2373 425 2420 se
440 2388 604 2420 meatus
618 2387 693 2433 per
709 2388 816 2434 quos
833 2373 1040 2435 recipiunt
1057 2374 1405 2436 nutrimentum:
1434 2377 1595 2424 Praete=

150 2449 222 2481 rea
247 2434 348 2480 scire
375 2434 471 2481 licet
497 2433 599 2482 oriri
614 2436 804 2484 animalia
820 2435 865 2483 in
884 2437 983 2483 saxis
1004 2439 1030 2484 ὲ
1046 2436 1193 2499 quibus
1210 2439 1457 2487 alimentum
1472 2445 1594 2487 exsu-=
1618 2466 1623 2467 ν

150 2511 251 2558 gunt
267 2511 490 2559 augentur,
516 2506 567 2549 δε
582 2498 698 2549 sicin
713 2500 773 2549 eis
790 2499 914 2551 vitam
939 2500 1108 2564 degunt.
1129 2520 1142 2549 a
1172 2501 1453 2564 Reperiuntur
1476 2504 1590 2551 enirn

1486 2581 1594 2616 mat-r
