1967 2833
414 128 495 212 de
530 121 1413 226 AtramMetaLChalcit.
1580 161 1700 245 141

247 253 363 305 bere
378 256 466 304 aeris
481 257 673 306 colorem
688 256 883 314 rubeun',
911 269 1049 317 neque
1066 252 1246 302 indicare
1263 253 1395 304 voluit
1413 269 1507 304 eam
1531 257 1599 306 aeri
1614 257 1703 307 aff-

263 319 411 368 milare
425 324 568 369 colore
583 321 733 378 rubeo,
766 334 892 382 quern
908 317 1128 367 somniavit
1145 316 1369 382 Agricola,
1384 333 1431 366 ac
1447 318 1563 367 illurn
1578 324 1702 369 colo<-

261 398 354 430 rem
368 381 524 431 addidit
538 401 589 432 ex
606 389 674 432 sua
691 383 871 432 chimera
888 399 900 428 ε
932 381 1015 443 ipse
1031 379 1150 429 enim
1165 395 1260 427 non
1279 380 1571 430 animadvertit
1585 383 1698 433 fimi«-

260 444 487 493 litudinem
503 445 642 497 affumi
657 462 746 495 non
761 445 895 495 modo
912 444 965 492 ab
980 442 1135 515 effigie,
1172 450 1213 494 δι
1233 446 1385 499 forma,
1421 458 1579 504 verum,
1612 454 1652 498 &
1672 448 1696 495 a

259 508 474 570 qualitate,
511 516 549 556 &
572 511 597 557 a
612 526 755 559 natura
769 522 925 566 terum,
955 523 999 556 ut
1019 506 1049 565 ζ
1058 507 1165 554 'zcero
1176 504 1251 554 lib.
1275 521 1314 553 1.
1330 502 1419 569 Off.
1433 506 1537 554 nihil
1555 523 1697 561 autem

259 569 474 620 amabilius
493 607 507 628 ,
543 575 605 620 nil
623 589 697 635 cof
706 572 854 621 ulatius
875 585 998 633 quam
1016 568 1425 619 morum-similitudo
1441 567 1654 621 bonorum
1684 594 1697 624 ι

258 631 535 695 quamobrem
551 636 621 697 qui
637 635 745 683 hanc
762 631 1020 697 Dioscoridis
1038 629 1347 682 similitudinem
1364 635 1588 694 agnoscere
1616 650 1696 685 vo-

257 695 400 752 luerit,
427 712 516 746 non
532 702 589 748 sat
605 698 682 746 erit
697 698 840 760 legisse
855 696 1023 745 initium
1038 695 1188 757 capitis
1203 710 1348 743 caetera
1362 710 1459 744 vero
1472 699 1699 759 perlegan-

256 774 338 815 tur,
369 773 458 818 quae
477 762 521 807 in
546 762 703 809 eodem
718 761 852 822 capite
885 762 1128 822 sequuntur,
1161 755 1230 805 ubi
1258 756 1520 818 Dioscorides
1549 760 1694 809 docuit

251 836 370 869 urere
383 820 606 880 chalcitim,
637 840 684 871 ea
699 824 872 885 quidem
890 823 1020 883 longe
1037 825 1150 868 secus
1166 823 1352 869 constare
1368 836 1458 869 rem
1489 820 1695 884 indicant,

255 899 352 933 nam
367 884 486 943 dixit,
519 886 645 935 uritur
658 886 842 933 chalcitis
857 883 980 933 fictili
993 898 1105 931 novo
1120 882 1363 932 carbonibus
1379 883 1479 933 vivis
1495 886 1697 951 superpo..

251 948 336 993 sito
352 947 451 995 dum
466 948 600 998 bullas
615 950 799 997 excit-are
813 947 976 996 deflerit
990 951 1190 1006 luteoque
1222 947 1369 993 colore
1401 948 1612 1009 pallescat,
1647 958 1693 1003 ὃς

252 1010 447 1071 perfecie
462 1012 654 1061 inaruerit
674 1031 686 1057 ε
714 1013 779 1059 hic
794 1015 852 1059 est
867 1011 1019 1072 primus
1047 1008 1196 1056 modus
1212 1008 1405 1070 proditus
1436 1008 1487 1055 ab
1517 1026 1571 1057 eo
1602 1028 1695 1060 tor.

252 1072 373 1120 rendi
390 1074 545 1135 potius,
577 1091 620 1122 ut
639 1075 759 1137 iffius
776 1074 908 1124 verbis
926 1087 1033 1133 utar,
1065 1071 1239 1133 proinde
1258 1071 1520 1134 progreditur
1536 1074 1691 1124 eodem

252 1134 354 1180 loco
370 1137 653 1186 demonstrare
669 1140 793 1186 alium
807 1136 978 1184 modurn
993 1135 1137 1183 urendi
1165 1133 1373 1183 chalcitim
1404 1136 1573 1196 penitus
1606 1137 1691 1201 igni

251 1197 459 1255 validiori,
492 1198 560 1246 ubi
572 1201 646 1258 ait,
678 1198 952 1249 candentibus
969 1197 1108 1262 prunis
1123 1197 1263 1244 donec
1276 1199 1576 1259 conflagret,&
1593 1216 1690 1249 mu-

251 1274 363 1308 tetur
377 1261 420 1309 in
434 1262 627 1312 floridum
650 1264 839 1312 colorem
854 1262 1136 1325 sanguineum,
1166 1276 1235 1308 aut
1251 1260 1473 1309 miniatum
1497 1264 1689 1313 colorem

248 1326 526 1384 contraxerit,
556 1326 640 1374 haec
655 1331 744 1375 sunt
756 1325 924 1388 propria
935 1323 1059 1373 verba
1091 1323 1348 1383 Dioscoridis
1365 1323 1573 1374 :eandem
1588 1328 1683 1375 sen..

248 1388 425 1436 tentiam
440 1389 631 1450 legimus
662 1388 708 1436 in
742 1388 994 1450 Oribafium‚
1028 1387 1127 1433 loco
1153 1388 1201 1433 de
1213 1389 1246 1430 C
1248 1386 1377 1435 halcit
1373 1403 1419 1451 y,
1448 1387 1530 1436 viz.
1560 1389 1687 1441 uritur

246 1447 433 1497 chalcitis
461 1452 597 1501 donec
623 1452 834 1514 pallescat,
870 1460 913 1502 &
947 1449 1081 1501 bullas
1097 1452 1276 1497 excitare
1292 1448 1457 1505 desierit
1473 1450 1515 1500 in
1530 1454 1688 1502 caeteris

244 1526 346 1561 'vero
361 1512 459 1561 dum
473 1530 632 1565 mutata
647 1517 692 1562 in
709 1513 839 1577 magis
852 1513 1049 1562 floridum
1065 1513 1280 1565 colorem,
1316 1519 1359 1561 &
1391 1513 1437 1560 in
1469 1515 1686 1575 profundo

244 1577 436 1624 colorem
450 1575 614 1624 rubricae
632 1579 883 1627 contraxerit
898 1574 1119 1624 auferenda
1133 1577 1192 1622 est
1207 1572 1257 1621 ab
1276 1576 1374 1637 igne
1389 1593 1401 1621 ε
1432 1577 1586 1638 legitur
1601 1580 1686 1625 eti-

243 1653 312 1686 am
329 1637 374 1687 in'
388 1642 718 1690 Commentariis
735 1641 835 1705 Jam'
849 1642 883 1686 C
885 1639 1039 1687 ornarii
1052 1639 1091 1685 in
1108 1638 1418 1701 Hippocratem,
1451 1639 1525 1687 lib.
1542 1642 1591 1688 de
1608 1645 1684 1689 ul-

245 1699 417 1762 ceribus,
427 1717 524 1767 pag.
538 1710 648 1766 764.
667 1709 726 1753 H.
762 1712 805 1755 ὅ(
821 1703 1006 1750 chalcitis
1023 1705 1126 1750 tosta
1139 1701 1281 1748 donec
1296 1702 1477 1751 flammae
1502 1703 1684 1763 speciem

245 1763 410 1813 induat:
441 1765 617 1828 idipsum
630 1769 724 1815 satis
740 1766 929 1815 indicavit
946 1763 1270 1816 Galenm,lib.1.
1287 1765 1335 1812 de
1348 1764 1576 1822 Antidotis,
1593 1783 1684 1833 caps

247 1841 271 1873 1
282 1847 324 1888 5.
342 1829 514 1889 scripfir,
544 1830 721 1878 Nescire
735 1829 956 1891 quomodo
971 1828 1016 1876 in
1031 1843 1151 1876 more
1167 1830 1346 1889 pOsltum
1374 1829 1423 1876 fit
1440 1845 1486 1878 ut
1501 1830 1682 1878 medica-

241 1902 438 1941 mentum
452 1892 660 1940 Theriacae
687 1894 857 1955 nigrum
889 1891 1051 1946 evadat,
1079 1898 1120 1940 &
1155 1889 1391 1953 quicunque
1425 1890 1505 1937 hoc
1532 1895 1681 1944 colore

243 1952 604 2003 medicamentum
620 1971 712 2005 non
724 1957 821 2005 facit
837 1954 1020 2005 ludibrio
1035 1952 1191 2009 haberi,
1224 1969 1318 1999 cum
1334 1954 1424 2010 ejus
1454 1953 1512 2001 vis
1529 1955 1633 2004 nihil
1654 1960 1680 2004 εὶ

240 2014 393 2063 colore
408 2017 679 2077 immutetur,
701 2021 808 2069 solet
821 2033 963 2066 autem
977 2032 1068 2064 non
1082 2015 1175 2062 fieri
1191 2014 1308 2077 nigra
1338 2014 1554 2074 Theriaca,
1587 2018 1680 2080 quia

238 2076 426 2127 chalcitis
441 2083 612 2138 usta‚aut
619 2081 746 2140 flava,
757 2096 831 2129 aut
839 2078 942 2130 ruffa
957 2078 1120 2129 evadit:
1147 2079 1211 2126 his
1226 2077 1383 2128 assensit
1400 2080 1566 2129 eAEtius
1598 2084 1679 2130 Te-

160 2201 163 2204 *
238 2140 389 2189 trabili
397 2160 445 2205 4.
461 2146 600 2193 serem
622 2161 661 2192 1.
677 2160 766 2210 cap.
781 2163 858 2206 92.
875 2144 923 2191 de
935 2141 1116 2207 Compos.
1137 2141 1359 2199 Theriacae,
1372 2140 1441 2189 ubi
1455 2146 1674 2205 postquam

236 2204 426 2266 prodidit
439 2207 614 2257 modum
625 2208 775 2257 urendi
789 2206 1035 2263 Chalcitim,
1062 2204 1182 2264 jubet
1213 2204 1350 2264 abjici,
1381 2205 1497 2268 quod
1520 2205 1674 2258 ruffum

236 2281 294 2337 ex
318 2267 474 2320 ustione
485 2285 671 2334 apparet,
703 2279 747 2323 δε
764 2270 905 2319 affumi
919 2269 1034 2332 quod
1048 2267 1212 2324 viridius
1227 2271 1501 2329 est‚praeterea
1517 2273 1673 2319 fatetur

237 2331 413 2385 inferius.
440 2348 563 2383 more
577 2335 728 2384 Galem'
755 2333 908 2382 nescire
935 2330 1155 2394 quomodo
1171 2333 1213 2381 in
1228 2331 1571 2381 consuetudinem
1598 2352 1672 2383 ve—

236 2392 355 2441 nerit
368 2409 415 2442 ut
437 2398 796 2447 medicamentum
826 2395 1032 2444 Theriacae
1057 2393 1222 2457 nigrum
1252 2394 1330 2443 fiat
1357 2411 1452 2443 cum
1479 2396 1506 2443 ὲ
1521 2397 1673 2445 colore

235 2455 303 2502 nil
325 2457 493 2507 virtutis
517 2461 715 2524 acquirat,
744 2459 922 2510 afferens
941 2457 1008 2504 ob
1038 2456 1325 2506 Chalcitidem
1363 2473 1458 2506 non
1488 2458 1581 2506 fieri
1600 2458 1670 2507 ni-

232 2531 356 2580 grum
370 2522 743 2582 medicamentum,
773 2523 910 2574 immo
938 2520 1333 2579 addit,fiChalcitis
1358 2535 1507 2586 parum
1528 2524 1671 2582 super-

977 2598 982 2602 ·
1528 2597 1670 2636 uratur
