1967 2833
344 92 439 201 36
442 85 488 167 8
632 160 638 167 .
659 126 676 169 2
694 87 986 201 :Quinta
1002 88 1396 211 Descriptio

345 209 473 255 miles
490 206 640 273 absque
653 215 968 278 au10,2quod³ut
987 214 1272 279 consequaris.
1321 215 1456 277 ‘Cape
1474 218 1636 274 succum
1653 232 1707 265 ex
1720 216 1805 264 floss

350 268 466 319 ribus
482 274 595 329 croci
609 277 848 326 recentibus
863 277 1118 343 exprtss'utn,
1150 280 1306 344 quippe
1331 293 1384 326 ex
1410 278 1494 327 filis
1524 281 1656 328 aureis
1684 281 1806 343 ipfiuss

348 333 484 394 floris,
515 351 584 384 aur
602 336 903 391 defitientibus
917 343 977 390 eis
996 340 1216 391 affumatur
1232 356 1381 389 crocus
1402 342 1541 399 ficcuS,
1561 351 1602 394 &
1621 360 1714 390 cum
1733 358 1804 389 to-

350 395 484 444 tidem
499 400 795 463 auripigmenti
811 407 922 454 aurei
937 407 1097 462 coloris
1124 404 1395 466 pulcherrimi
1426 407 1580 453 molire
1607 422 1714 470 opus
1745 409 1807 454 est

351 475 449 507 cum
465 461 574 508 fellae
589 481 741 525 capr-ec,
780 481 848 516 aut
866 469 960 516 lucii
992 468 1109 529 piscis
1144 468 1367 523 fluviatilis,
1395 466 1480 521 haec
1513 467 1616 517 inde
1629 470 1808 519 mixtum

353 520 608 573 immittatur
625 527 668 574 in
686 532 915 590 ampullam
931 532 1120 588 vitream,
1137 547 1226 593 quae
1243 534 1410 592 optime
1425 532 1556 580 clausa
1575 534 1807 593 sepeliatur,

354 599 430 648 per
447 587 605 650 aliquot
624 591 712 638 dies
729 591 938 653 sub'fimo,
969 595 1142 643 demum
1161 595 1348 652 tollatur,
1390 600 1430 640 &
1452 595 1536 641 usui
1552 598 1744 648 servetur.

420 650 511 698 Alii
525 653 751 704 detrahunt
764 673 987 710 externam
1003 674 1169 720 partem
1186 672 1383 705 croceam
1408 672 1460 702 ex
1477 658 1639 706 cortice
1668 661 1810 707 malo-

356 728 448 763 rum
467 718 774 774 auranciorum,
808 736 854 767 ac
870 738 965 769 eam
997 721 1171 769 modico
1208 719 1410 782 sulphuris
1437 720 1572 771 citrini
1600 723 1813 785 lucidique

359 778 548 833 molunt,
584 787 627 829 δι
646 780 690 830 in
704 787 883 845 ampulla
897 787 1025 833 vitrea
1040 785 1295 840 recondunt,
1309 787 1518 845 ipsamque
1533 785 1724 848 stipatam
1744 788 1814 833 lo-

359 853 461 886 cant
484 841 710 892 humidiori
743 848 843 893 loco
868 847 1014 896 decem
1045 848 1207 895 dierum
1236 847 1386 909 spati0,
1419 846 1589 895 demum
1617 850 1780 896 tollunt
1796 871 1809 907 ;

360 902 645 971 exigenteque
659 909 872 958 scribendi
887 912 1106 960 occasione
1134 912 1388 960 calefaciunt
1421 910 1664 972 praedifflam
1693 929 1814 962 com-

361 967 623 1029 positionem
637 974 850 1035 pigmenti
867 976 984 1033 lutei,
1017 990 1105 1037 quo
1121 973 1349 1023 scribuntur
1376 972 1521 1028 litterae
1551 974 1817 1036 pulcherrimi

361 1030 526 1080 ¹coloris
544 1034 660 1083 lutei.
697 1048 699 1050 ·
1059 1080 1063 1083 .

424 1095 557 1144 Aliud
575 1100 851 1163 componitur
868 1117 920 1149 ex
935 1103 1261 1166 auripigmento,
1278 1116 1406 1149 aureo
1423 1099 1644 1172 luci-dm&
1663 1104 1819 1152 folioso

363 1171 460 1203 non
478 1163 658 1210 terrestri
673 1179 822 1225 opaco,
855 1181 949 1212 cum
979 1181 1092 1227 aequa
1116 1166 1317 1227 portione
1337 1165 1525 1225 crystalli,
1559 1166 1644 1213 haec
1665 1168 1818 1217 molita

363 1219 414 1266 ad
430 1218 604 1273 invicem
620 1227 843 1275 miscentur
860 1223 956 1277 cur-n
972 1228 1187 1279 albumine
1202 1230 1290 1286 ovi,
1306 1228 1417 1277 adeo
1449 1243 1494 1276 ut
1510 1228 1634 1285 scribi
1660 1230 1821 1282 del-ine-

364 1283 440 1338 ari,
471 1300 599 1348 atque
617 1290 730 1352 pingi
746 1292 886 1352 poffit.
1282 1306 1284 1308 ’

424 1348 634 1411 Alioquin
651 1354 771 1403 mole
785 1358 1014 1421 crystallum
1044 1372 1138 1403 cum
1170 1373 1273 1418 aqua
1301 1372 1511 1420 gummata
1542 1357 1600 1406 ita
1627 1372 1674 1406 ut
1701 1357 1821 1408 scribi

365 1410 523 1470 p-offint
543 1414 693 1468 litterae
712 1433 802 1479 quae
820 1435 923 1468 mox
940 1419 1137 1467 e-xiccatae
1155 1423 1450 1470 confricentur
1467 1437 1591 1470 aureo
1606 1423 1826 1479 anu10‚aut

366 1472 524 1521 lamina
538 1494 671 1537 aurea,
707 1489 749 1530 &
766 1481 1005 1530 illicofient
1032 1484 1185 1530 litterae
1215 1485 1374 1531 coloris
1405 1484 1529 1536 aurei,
1564 1500 1635 1534 aut
1663 1485 1820 1534 coloris

369 1535 540 1586 alterius
555 1543 719 1589 metalli
733 1545 903 1593 eveniet
922 1547 1068 1594 litterae
1083 1561 1178 1593 cum
1193 1563 1279 1608 quo
1293 1548 1453 1595 fuerint
1475 1548 1729 1597 confricatae.

437 1601 580 1651 Aliter
598 1605 649 1652 fit
667 1621 765 1668 aqua
780 1610 804 1655 a
819 1606 1024 1666 lembico,
1053 1625 1148 1657 cum
1164 1626 1243 1672 qua
1259 1609 1488 1659 scribuntur
1505 1611 1652 1658 litterae
1677 1628 1822 1670 aureae.

432 1664 497 1710 Ex
513 1668 680 1729 polline
694 1671 991 1733 auripigmenti
1006 1672 1162 1734 pinsita
1177 1690 1273 1721 cum
1289 1689 1391 1734 aqua
1405 1674 1648 1721 Rosmarini
1663 1675 1825 1726 stillati-

359 1726 424 1787 ,tia
442 1728 635 1778 reiterata
653 1732 922 1783 distillatione
937 1735 1102 1784 elicitur
1130 1752 1233 1801 aqua
1246 1736 1400 1787 idonea
1432 1736 1484 1785 ad
1507 1739 1824 1803 suprascriptum

370 1805 541 1840 munus.

434 1857 560 1904 Alter
574 1858 623 1906 fit
641 1860 779 1921 liquor
794 1879 936 1910 aureus
955 1863 1029 1912 etsi
1045 1862 1199 1927 absque
1211 1879 1312 1912 auro
1325 1862 1450 1921 fit,ad'
1463 1863 1546 1911 hoc
1561 1879 1706 1914 tamen
1718 1882 1828 1916 con-

369 1916 551 1986 ducit‚ut
568 1923 687 1970 scribi
702 1926 858 1987 poffint
874 1928 1005 1976 literae
1024 1943 1171 1984 aureae,
1184 1942 1363 1976 necnon
1375 1928 1533 1979 aureati
1546 1928 1710 1991 poss'unt
1727 1929 1829 1990 offa,

368 1983 498 2041 ligna,
515 1986 681 2043 ferrum,
695 2004 822 2051 atque
833 1990 1001 2047 vitrum,
1020 1998 1058 2038 &
1081 1992 1209 2040 infra.
1695 2054 1698 2056 q
1740 2017 1762 2045 ,κ

432 2048 585 2109 Capias
599 2065 727 2100 ovum
744 2069 906 2111 recem,
939 2054 1054 2105 &ab
1070 2057 1162 2114 ejus
1177 2057 1337 2105 vertice
1355 2056 1829 2118 corticemfranga351ta

362 2122 420 2157 ,nt
434 2109 554 2171 ipsius
570 2116 786 2164 frustulum
800 2118 959 2173 eleves,
994 2127 1036 2169 δι
1055 2120 1202 2175 tollas,
1220 2118 1510 2181 orificiumque
1522 2119 1663 2176 facias,
1677 2136 1722 2165 ac
1754 2138 1827 2184 per

373 2188 469 2218 eum
485 2191 665 2233 evacues
675 2194 742 2227 ovi
757 2180 882 2241 ipsius
903 2181 1103 2230 albumen
1130 2196 1314 2236 tantum,
1347 2182 1461 2229 intra
1492 2183 1694 2230 corticem
1725 2199 1830 2239 vero

364 2236 551 2286 omittas
571 2244 731 2290 luteum
746 2244 840 2292 ovi:
875 2259 975 2291 mox
995 2245 1223 2308 hydrargi-ri
1236 2262 1376 2308 partes
1408 2246 1508 2292 duas
1525 2244 1703 2294 admisce
1733 2264 1830 2297 cum

373 2314 458 2360 ¹una
475 2316 593 2360 parte
604 2305 694 2351 salis
710 2307 972 2364 ammoniaci,
1011 2310 1121 2358 &in
1154 2325 1404 2372 compagem
1432 2308 1830 2371 confilientiamque

377 2362 547 2410 reducas
560 2381 610 2413 ea
627 2387 642 2423 3
678 2367 877 2431 deinceps
892 2371 1037 2419 eadem
1052 2373 1364 2433 conpositione
1381 2373 1518 2418 lotum
1535 2371 1761 2420 albuminis
1775 2390 1831 2421 e-

377 2441 594 2475 vacuatum
619 2430 859 2494 reimpleas‚
890 2450 1015 2496 atque
1032 2435 1159 2499 ipsam
1176 2453 1269 2481 cum
1293 2436 1413 2482 luteo
1439 2435 1509 2483 ovi
1529 2455 1542 2491 3
1574 2436 1660 2493 jam
1686 2436 1830 2487 intesta

374 2490 544 2561 propria
555 2491 692 2558 reliffi
709 2495 875 2559 optime
890 2499 1162 2549 commisceas
1174 2500 1356 2563 -Virgula
1373 2502 1530 2562 lignea,
1551 2498 1710 2555 ex²nde
1723 2501 1829 2547 teste

1616 2563 1825 2612 orificium
