1967 2833
400 103 482 185 de
501 101 791 192 Ati-am,
810 96 1393 184 Metal.Chalciti
1507 94 1634 208 '137

195 234 307 282 inter
325 227 626 288 chalcitidem,
637 236 689 281 -&
706 228 1163 291 Calcanthum,scrips1t
1175 226 1385 276 uitriolum
1397 222 1546 288 gerere
1575 221 1640 269 vi-

193 311 289 344 cem
305 293 508 343 Chalcitis
521 292 565 339 in
582 293 899 355 compositione
913 292 1144 348 Theriacae,
1174 307 1272 340 cum
1285 305 1427 337 tamen
1442 302 1506 336 tes
1523 286 1640 335 secus

194 360 238 406 se
253 356 419 414 habeat,
432 398 437 401 ,
449 353 652 405 chalcitis
667 356 786 405 enim
798 355 860 405 est
875 357 1032 420 species
1046 353 1219 405 secunda
1233 350 1460 403 atramenti
1485 346 1638 397 metal-

196 421 282 478 lici,
312 418 427 483 quod
456 418 503 466 in
529 419 671 480 primo
689 434 850 481 genere
878 432 1218 469 atramentorum
1247 415 1523 465 confi-iturum
1543 410 1613 482 ‘est
1630 427 1645 457 ε

194 483 432 533 Vitriolum
448 496 555 531 vero
568 485 628 530 est
643 484 690 530 in
705 483 887 536 secundo
899 498 1078 545 genere,
1104 480 1222 545 quod
1253 478 1449 529 sutorium
1474 475 1645 530 dicitur,

195 545 488 607 quaredistant
502 545 619 593 inter
636 548 703 598 se:
730 547 809 594 alia
824 549 983 594 omitto
997 545 1242 606 inania,quae
1260 545 1454 607 leguntur
1470 539 1516 586 in
1534 533 1644 606 libro

196 609 336 671 spurio
363 608 528 664 Gabai,
552 608 603 656 de
631 608 905 671 Simplicibus
933 606 1315 664 Medicaminibus,
1342 619 1440 669 pag.
1456 620 1534 664 90·
1562 614 1645 648 vlt·

196 670 400 735 Chalcity
413 671 572 718 coloris
587 670 772 720 subaurei
786 687 880 719 cum
895 671 1012 721 venis
1029 674 1140 725 intus
1154 668 1455 730 diffufis,prout
1468 667 1642 713 alumen

196 733 372 791 scissum,
406 741 450 784 δε
468 731 514 781 in
528 733 705 783 modum
721 735 924 784 stellarum
938 733 1201 797 fulgentibus
1227 755 1241 790 3
1269 748 1364 781 non
1394 744 1511 791 aeque
1543 738 1645 774 veto

199 797 286 846 haec
301 794 534 845 attribuitur
561 799 767 847 sententia
798 802 978 846 Galeno:
1003 798 1197 861 quinimo
1226 812 1321 844 cum
1348 792 1457 841 liber
1484 791 1646 838 dicatur

200 860 356 923 spurius
385 860 551 916 nothus,
587 869 630 911 &
660 863 781 909 falsus
807 861 901 919 jure
922 860 1068 909 eadem
1101 859 1305 910 sententia
1331 854 1508 908 habetur
1526 854 1645 906 falsa,

199 921 406 972 Chalcitis
424 938 597 985 quoque
613 940 730 971 notae
746 924 789 971 in
805 923 957 972 eodem
973 923 1088 971 libro
1119 923 1349 985 descriptae,
1383 935 1428 966 ut
1443 919 1531 977 jam
1557 913 1647 961 dixi

200 987 310 1035 falsae
325 990 434 1044 sunt,
465 986 550 1046 ipse
565 987 678 1036 enim
693 987 954 1036 conveniunt
968 988 1080 1048 Misy
1095 987 1219 1048 eique
1237 981 1415 1047 propriae
1430 986 1542 1035 sunt,
1566 976 1645 1026 etfi

200 1050 248 1098 in
279 1048 422 1096 Mifim
448 1049 620 1098 vertitur
647 1049 852 1097 Chalcitis
884 1050 1091 1111 temporis
1116 1049 1284 1096 decursu
1310 1043 1441 1095 veluti
1453 1039 1640 1105 superius

201 1111 460 1174 explicatum
474 1111 552 1160 fuit
565 1112 812 1161 auROritate
826 1112 988 1170 (heleni,
1025 1113 1050 1158 a
1068 1127 1155 1175 quo
1170 1108 1353 1159 dissensit
1370 1105 1551 1160 Plinius,
1565 1102 1643 1152 lib.

208 1193 280 1238 34.
310 1190 398 1238 cap
429 1190 502 1222 12.
530 1174 598 1225 ubi
625 1178 805 1226 erronee
830 1190 1067 1238 repugnans
1096 1173 1262 1225 veritati
1281 1170 1384 1219 dixit
1415 1166 1648 1220 Chalc-irim?

202 1239 482 1288 inveteratam
509 1237 604 1286 fieri
635 1239 792 1295 Sorim,
821 1239 1112 1300 quodfalsum
1140 1242 1216 1294 est,
1243 1251 1338 1283 cum
1353 1233 1449 1281 satis
1477 1231 1646 1277 constet

203 1299 448 1365 oppositum
466 1318 478 1346 :
495 1299 702 1348 Chalcitis
716 1302 835 1349 enim
851 1302 1028 1349 vertitur
1046 1302 1092 1348 in
1112 1302 1282 1357 ,Mifinu
1314 1313 1397 1345 nec
1424 1310 1509 1344 non
1534 1295 1643 1362 Sory

206 1378 386 1411 mutatur
400 1363 447 1411 in
459 1362 706 1422 Chalcitim,
732 1378 984 1412 nontamen
998 1363 1206 1410 Chalc-itis
1236 1361 1404 1410 vertitur
1418 1360 1461 1407 in
1491 1358 1647 1412 Soum,

203 1442 296 1475 non
309 1425 426 1474 enim
440 1425 673 1474 retrocedit
684 1442 832 1475 eorum
844 1427 1138 1482 commutati0‚
1170 1424 1230 1472 ob
1245 1423 1286 1471 id
1301 1423 1443 1485 itaque
1469 1417 1647 1468 Chalci-

205 1489 263 1536 tis
278 1488 406 1536 habet
423 1488 528 1537 vires
547 1489 657 1551 Misy
674 1490 829 1538 ssmiles
845 1493 909 1538 vel
925 1504 1072 1552 parum
1091 1488 1142 1536 ab
1171 1504 1231 1536 eo
1260 1486 1472 1538 distantes,
1502 1495 1647 1532 verum

205 1552 299 1615 quia
315 1552 457 1600 locum
469 1552 593 1603 habet
607 1552 722 1601 inter
737 1553 832 1602 duas
848 1551 1199 1609 zonas,videlicet
1215 1550 1382 1607 Mifios,
1403 1556 1446 1606 δι
1468 1552 1647 1601 Soreos,

202 1614 264 1664 ita
278 1613 391 1677 quod
409 1614 609 1665 Chalcitis
622 1615 757 1663 existit
772 1630 882 1666 zona
897 1616 1049 1674 media,
1060 1629 1249 1664 naturam
1263 1624 1434 1676 quoque
1462 1607 1647 1657 mediam

204 1681 287 1740 five
302 1678 541 1727 facultatem
556 1678 737 1726 dic-amus
751 1679 864 1728 inter
889 1693 1105 1741 utramque
1121 1675 1301 1740 poffidet
1316 1673 1526 1723 Chalcitis
1543 1690 1554 1718 ε
1572 1668 1648 1717 Id-

206 1742 341 1802 ipsum
353 1740 509 1802 legitur
522 1742 788 1791 Antidotario
809 1742 874 1804 Jo.
892 1739 1038 1803 Jacobi
1053 1738 1246 1792 Vecherii
1269 1754 1426 1801 nempe
1452 1733 1647 1798 Chalcity

208 1804 325 1854 inter
343 1804 501 1860 Mifim,
518 1811 561 1854 &
579 1805 730 1862 Sorim,
759 1808 820 1852 est
837 1804 986 1854 mediae
1000 1803 1208 1853 facultatis
1224 1800 1436 1861 mediique
1452 1801 1550 1848 situs
1577 1811 1647 1844 ca-

211 1866 313 1926 lida,
349 1873 393 1917 &
422 1867 522 1915 sicca
548 1868 680 1916 veluti
703 1868 812 1932 Misy
842 1871 919 1925 est,
949 1881 1072 1930 grave
1100 1866 1243 1922 olens,
1277 1862 1392 1911 acida
1419 1861 1649 1923 astringens

211 1929 425 1992 magisque
444 1928 553 1992 Misy
568 1930 784 1978 contrahit
802 1931 1035 1992 :magisque
1050 1931 1172 1986 aeris,
1192 1936 1233 1975 &
1254 1925 1510 1982 mordicans,
1538 1924 1650 1971 adeo

211 2007 258 2039 ut
286 1991 538 2057 corporibus
567 2007 693 2057 atque
723 1992 834 2042 duris
862 1993 1094 2055 appositum
1110 1988 1317 2038 ulceribus
1345 1988 1478 2050 magis
1507 1986 1650 2037 adurat

208 2068 380 2104 carnem
410 2059 672 2117 escaramque
695 2055 811 2113 facit,
842 2057 980 2104 minus
1010 2057 1123 2104 enim
1152 2068 1275 2102 tenue
1290 2053 1351 2100 est
1380 2066 1508 2112 quam
1534 2048 1648 2109 Misy

210 2116 427 2178 abstergit,
454 2117 738 2179 conducirque
754 2119 939 2170 adversus
952 2119 1096 2179 ignem
1111 2119 1281 2172 sacrum,
1301 2121 1343 2162 δι
1361 2115 1412 2162 ad
1427 2117 1560 2162 ulcera
1573 2111 1652 2158 de-

211 2180 420 2244 pascentia
451 2196 541 2241 quae
571 2184 734 2243 serpunt
749 2180 896 2231 efficax
927 2185 1005 2236 est,
1020 2180 1174 2228 fistulas
1189 2179 1311 2228 tollit
1329 2177 1358 2223 fi
1375 2176 1510 2224 modo
1524 2173 1652 2225 colli-

212 2244 266 2291 rii
282 2244 529 2306 applicetur,
559 2259 629 2292 aut
645 2243 783 2295 ficum
811 2245 941 2292 melle
961 2243 1077 2292 mista
1103 2242 1339 2303 intingatur
1367 2238 1573 2296 licinium,
1605 2244 1650 2288 δε

214 2305 438 2355 immissum
451 2307 814 2364 corroditcallum,
848 2316 1019 2371 δίεμαι
1035 2308 1166 2354 ulcera
1198 2304 1375 2360 aurium,
1405 2309 1448 2350 &
1481 2305 1652 2350 confert

215 2368 402 2418 adversus
417 2368 594 2418 scabiem
612 2370 836 2428 humidam,
866 2384 1065 2432 praeterea
1093 2368 1121 2414 fi
1154 2366 1359 2419 Chalcitis
1389 2365 1508 2413 scobs
1532 2368 1653 2427 super

216 2447 364 2479 venam
378 2446 570 2494 eruptam
584 2437 828 2496 aspergatur,
857 2434 932 2481 etfi
958 2431 1230 2480 administrari
1259 2432 1397 2493 potest
1424 2445 1519 2475 cum
1546 2442 1653 2489 aqua

217 2495 452 2552 communi,
484 2510 552 2543 aut
568 2512 663 2546 cum
676 2512 776 2560 aqua
790 2495 1015 2552 coriandri,
1044 2511 1117 2545 aut
1143 2500 1265 2545 succo
1281 2490 1414 2556 porri,
1446 2506 1492 2537 ut
1509 2488 1656 2537 docuit

965 2562 1004 2617 ’,Γ
1370 2551 1658 2615 Dioscorides,
