1967 2833
313 108 437 193 '25
749 98 1000 182 Prima
1029 94 1422 217 Destriptio

315 233 436 287 tiam,
469 231 526 278 ne
545 228 734 277 unacum
766 227 972 290 Falloppio
1005 226 1246 277 aberremus
1275 232 1302 276 ἐι
1334 229 1540 279 veritate:
1567 229 1767 292 praedit‘aes

319 292 448 357 igitur
480 290 755 355 ambiguitate
785 291 953 348 soluta,
983 306 1029 338 ut
1054 307 1135 354 pro
1165 307 1281 353 certo
1297 308 1466 341 cernere
1493 296 1570 349 est,
1605 295 1767 359 lapides

321 358 544 407 minetales
558 354 678 404 fundi
691 352 805 417 poffe
822 353 1113 415 igni,quamvis
1132 355 1296 402 aetuale
1311 357 1533 405 metallum
1550 374 1643 405 non
1659 373 1767 406 con-

323 421 512 476 tineant,
543 434 686 480 neque
702 417 883 467 vitrum:
912 421 1226 466 Verumtamen
1256 418 1338 465 hoc
1363 419 1470 468 varie
1503 420 1721 483 contingit
1755 438 1767 466 :

323 499 471 533 eorum
487 481 605 530 enim
619 481 787 546 quidam
802 496 857 527 ex
871 481 1000 537 facili,
1030 497 1076 527 ac
1091 496 1167 542 per
1181 484 1220 527 se
1237 480 1376 527 fluunt
1391 481 1499 545 igni,
1526 485 1555 531 fi
1589 483 1766 531 humidi-

326 563 413 595 tate
425 546 640 594 metallica
655 544 907 601 exuberent,
939 558 1069 605 prout
1085 543 1264 591 diximus
1278 544 1331 590 de
1345 545 1508 608 Pyrite,
1543 555 1587 596 &
1606 547 1658 593 de
1684 548 1768 608 Py-

325 609 407 660 rite
434 612 556 658 eroso
585 608 818 669 Agricolae,
838 607 893 663 id
925 610 999 663 est,
1035 607 1088 653 de
1120 622 1359 655 atramento
1387 609 1614 662 metallico,
1678 609 1775 656 Alii

327 674 428 722 vero
443 670 597 735 lapides
608 670 759 720 fusioni
777 669 972 716 difficiles
992 690 1005 726 3
1039 684 1245 731 quatenus
1263 677 1307 720 &
1324 671 1394 718 alii
1408 687 1485 733 per
1498 677 1537 718 se
1555 688 1648 719 non
1676 674 1770 718 col—

328 737 563 797 liquantur,
595 750 677 781 nec
694 733 911 795 colliquari
936 731 1123 797 possunt,
1149 736 1466 797 praeterquamli
1483 733 1670 785 fusilibus
1697 733 1770 783 ad-

327 800 573 847 misceantur
590 797 706 860 igni:
735 797 1021 854 hujuscemodi
1035 796 1145 845 enim
1163 797 1323 859 lapides
1341 797 1479 844 minus
1508 796 1772 846 humiditatis

328 861 557 920 abundant,
591 861 686 909 satis
700 861 801 910 vero
816 862 1038 916 fumosam,
1049 860 1444 922 evaporabilemque
1458 862 1673 909 materiam
1689 877 1775 910 ter-

333 941 448 973 ream
464 922 640 980 habent,
669 925 842 985 qualem
858 922 1036 971 diximus
1068 921 1220 970 habere
1248 922 1573 985 molybdoidem
1600 925 1789 973 calami--

332 1003 490 1044 mrem,
526 996 568 1036 δε
588 987 858 1048 magnesiam,
898 993 940 1035 &
958 986 1011 1032 sic
1028 986 1080 1032 de
1099 985 1386 1045 hujuscemodi
1414 987 1504 1032 aliis
1521 987 1775 1048 intelligen-

333 1051 434 1097 dum
449 1064 571 1111 puto,
606 1063 700 1110 quae
715 1049 892 1096 aiiorum
910 1048 1073 1096 miscela
1086 1050 1312 1110 liquescunt
1330 1049 1437 1110 igni,
1469 1049 1513 1096 in
1541 1066 1597 1097 eo
1630 1065 1775 1097 tamen

334 1112 405 1158 diu
423 1129 516 1160 non
534 1116 813 1172 perseverant,
846 1111 915 1158 sed
931 1114 1178 1160 evanescunt
1193 1112 1366 1172 partim,
1399 1120 1441 1161 δι
1460 1113 1678 1173 partimin
1694 1115 1801 1158 cair

333 1192 430 1224 cem
445 1176 719 1223 reducuntur:
750 1175 979 1235 Reliquum
993 1178 1052 1222 est
1068 1175 1200 1223 redire
1218 1174 1267 1222 ad
1302 1176 1567 1235 magnesiam,
1602 1184 1644 1225 &
1678 1191 1778 1237 per-

333 1239 497 1288 scrutari
523 1254 572 1286 an
601 1238 819 1285 contineat
850 1238 895 1285 in
924 1241 964 1284 se
992 1240 1146 1286 vitrum
1178 1239 1243 1285 vel
1274 1239 1370 1286 vitri
1404 1241 1619 1285 materiam
1636 1238 1714 1286 live
1731 1239 1777 1287 in

334 1303 428 1349 aestu
450 1321 463 1356 3
496 1303 575 1348 five
592 1300 849 1362 inpotentia
867 1301 1042 1348 saltem:
1074 1301 1182 1350 unde
1194 1301 1305 1347 sicuti
1331 1302 1472 1362 phalam
1499 1304 1556 1348 est
1587 1302 1778 1349 omnium

335 1367 472 1412 oculis
487 1364 637 1412 vitrum
651 1362 734 1411 efl‘e
750 1363 965 1411 materiam
983 1364 1272 1410 transsucidam
1292 1385 1305 1419 3
1340 1379 1429 1422 quae
1464 1366 1503 1412 in
1532 1380 1656 1411 arena
1683 1362 1777 1411 alba

335 1429 492 1489 fulget,
528 1435 570 1476 &
591 1427 634 1473 in
651 1426 856 1488 lapidibus
870 1425 974 1473 albis
993 1426 1219 1490 praesertim
1244 1426 1482 1482 fluminum,
1518 1435 1559 1476 &
1592 1440 1672 1486 prae
1702 1443 1778 1472 cae-

336 1491 437 1537 tetis
453 1490 593 1538 Ticini
607 1487 986 1537 fluviiInsubriaein
1016 1489 1238 1538 Eridanum
1269 1489 1472 1536 fluentis:
1502 1489 1545 1536 in
1575 1489 1636 1535 his
1664 1489 1776 1538 enim

339 1569 488 1601 natura
503 1568 782 1616 procreatum,
814 1552 940 1601 micat
955 1553 1108 1600 vitrum
1123 1571 1138 1594 .·
1172 1553 1425 1614 Oppositum
1438 1553 1539 1601 vero
1570 1551 1776 1613 conspici-

339 1631 410 1663 tur
426 1616 471 1663 in
483 1617 719 1677 Magnesia,
752 1631 852 1664 nam
868 1616 973 1678 lapis
987 1618 1045 1662 est
1058 1630 1149 1662 ater
1165 1616 1206 1662 in
1224 1616 1347 1662 omni
1363 1630 1482 1678 parte
1498 1630 1670 1677 opacus,
1685 1613 1775 1662 abs-

340 1678 532 1738 queullo
549 1679 789 1739 splendore,
822 1694 950 1740 quem
965 1678 1132 1740 nigrum
1137 1679 1237 1739 fere
1255 1677 1305 1725 ad
1317 1694 1573 1740 purpureum
1599 1693 1780 1739 vergens
1797 1706 1801 1708 -

340 1741 527 1788 videmus
546 1741 754 1802 quotidie,
789 1750 833 1792 δι
852 1743 897 1788 in
913 1747 1027 1789 usum
1041 1741 1196 1790 habere
1212 1757 1309 1788 eum
1325 1741 1524 1789 vitriarios
1552 1755 1632 1801 pro
1664 1741 1780 1788 vitro
1799 1765 1804 1767 ·

342 1805 613 1866 expurgando
627 1805 852 1853 innotescit
868 1822 879 1849 ε
897 1804 1008 1851 idem
1024 1805 1278 1852 asseruerunt
1292 1803 1533 1864 scriptores,
1565 1802 1703 1864 quide
1718 1807 1780 1851 la-

341 1867 509 1930 pidibus
526 1869 775 1923 traetatunt,
810 1876 851 1917 δε
873 1883 959 1930 prae
972 1868 1125 1914 caeteris
1145 1869 1348 1914 Camillus
1366 1866 1627 1928 Pisaurenfis,
1640 1865 1712 1914 lib.
1735 1884 1781 1914 2.

343 1931 512 1995 Speculi
528 1933 575 1978 de
593 1929 835 1993 Lapidibm,
866 1929 1055 1992 prodidit
1072 1931 1328 1991 magnesiam
1341 1931 1526 1990 lapidem
1555 1928 1638 1976 effe
1664 1929 1780 1976 idem

342 2010 438 2050 cum
455 1993 1047 2054 Alabandicorindicavitque
1064 2009 1162 2040 eum
1188 1993 1347 2039 coloris
1375 1992 1504 2055 nigri,
1540 1992 1614 2055 qui
1640 1991 1781 2038 tendit

344 2057 395 2108 ad
412 2072 681 2119 purpureum.
748 2057 1134 2112 Praeterea‚affertzit
1148 2072 1246 2103 eum
1262 2053 1414 2102 habere
1429 2061 1544 2102 usum
1563 2055 1614 2103 ad
1629 2054 1781 2101 clarifi-

343 2120 521 2168 candum
537 2121 689 2169 vitrum
710 2137 720 2164 :
750 2119 863 2167 idem
880 2119 1042 2168 affenfit
1058 2117 1300 2175 Vammtius,
1332 2118 1405 2167 lib.
1430 2137 1471 2167 2.
1500 2116 1779 2172 Pirotechm‘ae,

343 2200 432 2247 cap.
450 2202 494 2245 9.
514 2182 584 2230 ubi
611 2183 683 2240 ait,
715 2187 1036 2246 Manganesum‚
1064 2182 1119 2230 fic
1150 2183 1346 2245 corrupt&
1361 2199 1481 2237 voce,
1511 2195 1557 2226 ut
1572 2180 1779 2229 vitriario-

341 2262 430 2296 rum
447 2248 588 2308 vulgo,
619 2247 804 2308 appellat
824 2246 1085 2308 magnesiam,
1119 2251 1178 2294 est
1192 2245 1377 2294 medium
1402 2244 1601 2292 minerale
1630 2257 1781 2303 expers

345 2310 506 2358 metalli
522 2310 679 2357 coloris
697 2310 769 2356 atri
782 2311 923 2365 ferrei,
954 2308 1274 2356 accommodum
1289 2308 1506 2372 purificare
1520 2305 1670 2355 vitrum
1688 2323 1698 2349 :
1714 2304 1778 2351 his

344 2370 509 2420 affenfit
524 2373 728 2420 Albertus
742 2376 950 2436 Magnus,
963 2370 1036 2420 lib.
1057 2390 1099 2420 2.
1132 2371 1273 2419 Traff.
1293 2387 1336 2421 2.
1351 2373 1398 2418 de
1414 2368 1657 2433 Lapidibus,
1688 2385 1780 2433 coqu.

349 2451 369 2482 1
382 2452 400 2481 1
412 2472 423 2483 .
438 2435 490 2484 de
507 2436 647 2497 lapide
664 2436 818 2483 eodem
835 2438 1063 2484 discurrens
1077 2433 1254 2491 Plinium
1285 2433 1359 2481 sub
1387 2448 1568 2480 nomine
1585 2430 1781 2479 Alaban-

344 2499 440 2557 dici,
473 2498 567 2545 curn
592 2497 698 2547 aliud
714 2499 763 2548 sit
777 2501 800 2546 ὲ
815 2514 984 2560 gemma
1002 2498 1106 2547 loco
1119 2512 1353 2562 praecltam,
1367 2495 1501 2556 inquit
1515 2492 1598 2545 effe
1614 2494 1781 2556 nigrum
