1967 2833
658 59 742 149 de
766 58 1041 172 Pyrite.
1524 54 1603 137 81

175 183 495 241 tioneiextrusus
526 186 691 251 spiritus
722 185 1008 237 exhalationis
1040 181 1144 231 facit
1172 176 1542 234 corruscationem‚
1559 176 1626 224 hi&

177 256 318 315 itaque
330 255 596 315 comparatur
612 252 778 311 majore
793 250 950 307 minor,
964 262 1010 296 ut
1025 246 1160 297 voluit
1172 243 1452 305 Philosophus
1469 241 1553 292 haec
1566 241 1627 288 est

180 320 330 370 veritas
345 315 412 363 cui
424 313 630 362 adhaerere
644 313 870 370 debemuS,
904 321 948 364 δι
965 312 1136 374 prorsus
1151 309 1352 358 omittere
1368 308 1549 357 aliorum
1571 319 1628 348 ⁴0-

181 381 378 445 piniones
394 378 697 435 inconstantes,
722 389 848 439 quare
866 376 923 423 ait
940 378 1167 430 Averroes,
1187 374 1418 420 comment.
1436 369 1478 417 in
1493 367 1567 416 lib.
1583 371 1628 416 8,,

185 443 457 507 ‘I'hyficorum
473 439 652 501 Aristar.
669 441 828 489 Omnis
847 438 1002 501 opinio
1019 438 1085 485 cui
1098 435 1348 485 contradicit
1366 436 1528 490 sensus,
1537 445 1631 479 non

181 509 242 554 est
257 508 368 553 bona
380 503 530 566 opinio
547 524 560 552 ε
577 501 858 566 quamobrem
873 503 987 551 nulla
1001 499 1306 556 adhibenda‘est
1319 497 1425 546 fides
1455 497 1534 555 eis,
1559 494 1633 553 qui

181 567 425 630 opinionis,
450 581 519 613 aut
534 566 806 625 adulationiS,
841 574 885 616 &
903 564 1095 625 obsequii
1107 563 1240 626 gratia
1255 561 1509 626 quandoque
1541 572 1633 605 ma·

185 635 253 693 gis
266 646 391 692 quam
406 629 592 678 veritaris
605 630 773 678 ratione
787 629 1156 690 comparationem
1187 626 1351 676 faciunt
1383 643 1394 671 e
1427 625 1532 672 versa
1562 635 1634 667 aue

187 708 279 740 tem
305 692 394 742 vice
408 693 578 741 credere
599 698 642 740 δι
661 691 852 745 assentire
868 692 1063 754 cogimur
1094 693 1225 748 sensu,
1258 697 1300 737 δι
1334 684 1565 737 rationibus
1592 699 1635 730 a=

185 754 422 820 pertiffimis
437 756 644 819 jundh'sq3
664 756 969 819 experimentis
983 755 1191 816 hucusque
1208 750 1397 802 ostenfis:
1412 750 1497 798 haec
1511 748 1634 795 enim

186 818 396 884 praediffis
424 819 571 881 primis
599 817 881 892 opinionibus
898 818 1113 870 tefistunt,
1123 816 1319 879 quinimo
1347 814 1637 863 demonstrant

185 884 444 945 plani'imque
455 884 613 931 faciunt
631 899 772 946 ignem
787 898 881 931 non
894 881 1091 943 generari
1103 895 1156 927 ex
1171 896 1264 928 aere
1281 895 1423 940 neque
1436 893 1491 924 ex
1515 887 1638 922 motu

191 946 238 993 in
255 945 391 1008 lapide
407 945 605 995 concusso
624 966 636 1000 ς
670 947 777 994 dum·
787 946 901 1000 enim
918 949 1035 993 ferro
1069 945 1297 1009 percutitur
1328 942 1434 1004 lapis
1466 955 1519 986 ex
1550 951 1637 999 quo

188 1009 398 1078 emittitur
414 1009 523 1069 ignis
536 1009 651 1059 ,nulla
668 1009 844 1070 infignis
859 1008 1088 1072 percipitur
1102 1007 1287 1054 caliditas
1300 1005 1346 1052 in
1361 1009 1637 1062 ferromeque

193 1088 238 1118 1n
256 1071 395 1132 lapide
410 1089 425 1113 .·
455 1071 537 1117 hoc
550 1086 695 1120 tamen
715 1076 870 1121 censeo
890 1071 940 1120 ad
955 1071 1160 1132 liquidum
1179 1068 1298 1132 quod
1310 1082 1396 1125 aer,
1430 1074 1474 1116 δι
1492 1076 1638 1113 motus

196 1134 548 1182 adminiculantur
564 1134 774 1197 lapidem:
790 1136 876 1193 jam
893 1136 917 1180 ὲ
932 1150 1078 1182 natura
1093 1133 1370 1181 constitutum
1383 1129 1433 1179 ad
1450 1129 1530 1175 hoc
1546 1142 1633 1174 mue

197 1213 274 1244 nus
291 1196 505 1253 idoneum,
542 1206 585 1247 &
605 1213 750 1260 aptum
763 1212 962 1246 evomere
976 1197 1150 1258 ignem:
1180 1196 1300 1255 hujus
1327 1194 1454 1255 igitur
1482 1205 1642 1251 poten-

198 1260 257 1331 tia
269 1275 360 1307 non
375 1262 432 1306 est
448 1260 492 1306 in
511 1259 704 1318 subjec‘ro
718 1260 831 1322 quod
846 1264 905 1307 est
919 1261 1027 1322 ignis
1049 1263 1095 1307 in
1112 1260 1225 1315 actu,
1258 1256 1330 1305 sed
1349 1259 1394 1303 in
1423 1251 1497 1303 sub
1500 1253 1639 1311 je6‘w,

197 1340 242 1372 m
256 1338 342 1384 quo
353 1338 578 1384 generatur
595 1323 705 1384 ignis
720 1324 915 1385 potentia
928 1323 978 1369 ad
993 1338 1157 1371 motum
1173 1337 1262 1371 erat
1277 1336 1373 1369 ante
1387 1332 1551 1366 motum
1577 1319 1643 1361 se·-

202 1388 387 1434 cundum
399 1384 722 1448 Philosophum,
753 1384 827 1433 lib.
845 1390 887 1435 8.
920 1384 1196 1448 Phyficorum,
1225 1388 1270 1433 T
1265 1400 1352 1431 exc.
1381 1399 1428 1443 4.
1459 1380 1642 1427 dicamus
1708 1383 1737 1412 ι’

200 1449 315 1518 qt-od
329 1463 419 1518 mor
429 1464 475 1493 us
488 1450 548 1495 est
560 1449 676 1497 aflus
691 1450 782 1507 ejus
796 1449 913 1510 quod
929 1451 1122 1497 innatum
1137 1452 1198 1496 est
1211 1446 1385 1502 moveri,
1413 1440 1571 1493 neceffe
1585 1441 1647 1491 est
1723 1440 1730 1448 ⁴

203 1527 327 1573 igitur
341 1515 410 1559 illa
428 1510 514 1558 effe
528 1511 574 1558 in
601 1527 780 1573 quorum
793 1512 996 1574 potentia
1011 1514 1071 1560 est
1084 1512 1242 1562 moveri
1253 1522 1515 1570 unoquoque
1545 1519 1645 1552 mo-

201 1589 348 1625 tuum:
379 1574 579 1622 nimirum
593 1575 622 1621 s1
637 1574 850 1635 igniantur
862 1592 950 1637 quae
966 1574 1126 1637 sphaerae
1145 1574 1275 1636 magis
1304 1572 1647 1637 appropinquan-

203 1653 271 1687 tur
285 1637 641 1702 quemadmodum
653 1638 758 1685 dixit
773 1637 1039 1702 Philofhphus
1055 1639 1154 1685 loco
1170 1637 1404 1700 praeciratO,
1438 1649 1483 1681 ut
1514 1647 1582 1679 aer
1601 1639 1646 1680 δι’,

202 1718 377 1766 vapores
393 1701 482 1747 ficei
499 1702 573 1762 qui
586 1702 685 1752 dum
699 1701 875 1751 nubibus
894 1702 1101 1750 lucianrur
1120 1716 1350 1749 atteruntur
1364 1697 1582 1751 rarefiunt‚
1600 1700 1643 1741 δε

204 1764 499 1821 accenduntur,
531 1765 754 1813 rarefaffio
767 1766 887 1813 enim
904 1766 952 1813 fit
962 1765 1191 1822 caliditate,
1221 1779 1269 1809 ea
1283 1765 1342 1809 est
1355 1764 1507 1808 summa
1537 1756 1649 1819 ignis

175 1844 179 1847 ·
205 1843 354 1898 natura
372 1846 384 1873 τ
413 1835 456 1878 δε
474 1827 762 1878 ideo‘Galenm
777 1828 934 1891 inquit,
966 1831 1147 1890 Igneum
1161 1827 1206 1875 in
1237 1823 1415 1874 nubibus
1448 1824 1650 1870 incluium

209 1891 366 1962 agitari,
393 1890 697 1956 attritioneque
712 1892 877 1941 extrudi
892 1894 938 1939 in
954 1894 1140 1947 fulmen,
1162 1897 1246 1937 διε,
1312 1893 1476 1936 Verum
1489 1882 1651 1934 nonita

194 1955 425 2018 contingit
440 1954 493 2001 de
508 1955 772 2004 inferioribus
788 1953 1046 2016 corporibus,
1080 1969 1126 2000 ut
1142 1967 1241 2014 puta
1255 1951 1370 2011 ligna
1402 1948 1578 2010 lapideS‚
1607 1953 1651 1994 δε

204 2022 366 2089 ferrum
384 2036 395 2064 ε
427 2019 592 2065 exclusa
610 2022 705 2066 sunt
721 2020 745 2066 ὲ
760 2017 1039 2078 Philosopho,
1055 2017 1145 2063 infe
1152 2017 1260 2062 riora
1275 2030 1364 2075 quae
1379 2024 1655 2075 praeterquam

210 2097 309 2151 igne
323 2081 473 2129 arstuali
490 2080 596 2129 haud
611 2097 705 2143 apta
733 2085 828 2130 sunt
840 2080 944 2142 igni,
976 2095 1174 2143 praeterea
1190 2078 1304 2138 quod
1333 2076 1484 2138 legitur
1508 2075 1566 2120 de
1593 2077 1657 2120 sa—

210 2159 339 2206 gittis
351 2143 425 2192 alis
436 2143 644 2206 plumbeis
660 2144 900 2207 liquefaffis
917 2159 969 2191 ex
984 2158 1118 2199 motu,
1153 2150 1197 2193 δε
1215 2156 1310 2187 aere
1324 2143 1466 2189 falsum
1486 2141 1563 2193 est,
1576 2136 1658 2182 hoc

211 2221 354 2276 autem
368 2206 552 2255 additum
570 2224 718 2255 vereor
733 2205 784 2255 ab
797 2206 936 2269 aliquo
961 2206 1104 2255 nescio
1137 2205 1395 2267 interprete:
1422 2220 1516 2251 cum
1544 2199 1659 2248 enim

211 2270 408 2317 inferiora
421 2269 506 2317 lint
522 2270 796 2332 superioribus
812 2270 1026 2326 craffiora,
1059 2270 1273 2331 minusque
1304 2266 1496 2316 rarefiunt
1514 2278 1667 2325 quam-

211 2329 383 2389 obrem,
396 2348 488 2381 non
503 2334 566 2382 ita
579 2335 704 2383 facile
721 2333 887 2382 accendi
899 2331 1071 2395 ,possunt
1089 2353 1101 2380 :
1116 2334 1194 2381 etsi
1221 2331 1325 2378 lotis
1339 2329 1579 2393 quibusdam
1592 2341 1662 2372 ca-

212 2397 396 2442 vernolis
414 2412 549 2468 terrae,
583 2405 627 2447 &
643 2398 835 2449 fistulosis
853 2395 1003 2457 quibus
1019 2411 1090 2445 aer
1121 2399 1342 2451 ventosus,
1376 2395 1457 2442 sive
1469 2408 1515 2440 ut
1528 2390 1663 2438 dicam

212 2471 334 2508 more
358 2460 689 2523 eArzstotelQin
706 2460 943 2516 Metheoris
971 2476 1100 2523 vapor
1115 2475 1167 2511 ex
1186 2474 1298 2509 tetra
1314 2456 1557 2521 procedens
1572 2468 1668 2507 cum

987 2528 1039 2573 M
1553 2531 1672 2565 morai
