1967 2833
251 77 392 182 5¹3
695 68 903 152 Sexta
921 65 1301 184 Descriptio

244 192 585 244 bicundiffimum
625 193 745 252 cujus
770 191 983 257 processus
1013 194 1238 247 elicidendi
1267 194 1425 247 vitrioli
1452 198 1597 248 oleum
1611 214 1691 262 prae

242 260 333 308 aliis
351 260 486 321 magis
502 256 760 320 approbatur
772 274 819 306 ac
832 273 911 320 pro
926 274 1080 306 ¹ircano
1097 260 1291 309 habetur.

309 321 498 381 Qudim
511 336 615 368 vero
632 320 815 370 tundunt
850 320 1057 370 viti-iulum
1090 323 1253 371 ustione
1286 321 1562 383 rubificatum‚
1594 342 1695 373 mox

247 384 390 432 eidem
403 383 629 433 admiscent
649 389 758 435 lutea
774 400 949 433 ovorum
963 385 1205 448 gallinarum
1221 386 1372 434 elixata
1385 390 1510 449 usque
1538 388 1589 436 ad
1619 389 1696 438 du-

248 448 385 496 ritiem
400 449 591 512 pondere
608 450 771 509 :eq-unu,
789 447 890 495 inde
917 452 1057 498 omnia
1085 448 1142 496 fic
1174 450 1410 498 commixta
1437 454 1568 499 rursus
1596 468 1699 502 con-

251 511 438 560 tundunt
455 511 499 558 in
520 514 736 567 mortario,
753 527 798 558 ut
814 513 857 561 in
880 514 1185 561 consistentem
1211 528 1468 574 compagem
1497 515 1696 566 reducan-

255 588 335 632 tur,
352 590 475 635 quam
492 574 637 622 boccia
649 590 766 621 curva
781 573 1002 624 immissam
1021 577 1120 637 igne
1133 573 1272 625 valido
1302 576 1497 624 distillare
1527 586 1701 640 urgent,

256 654 356 685 nam
371 637 520 684 effluet
538 641 675 687 oleum
693 638 869 685 rubeum
885 638 929 686 in
948 653 1035 698 quo
1056 638 1122 684 alii
1151 642 1458 689 consueverunt
1475 639 1701 703 demerge-

256 717 302 749 re
318 700 407 746 salis
425 700 653 748 armoni.1ci
668 702 910 762 portionem
926 701 971 748 in
986 703 1212 764 ampullam
1241 703 1426 760 vitream,
1475 719 1597 766 quam
1626 719 1703 753 ore

258 762 460 811 obturato
487 763 809 825 circumsepiunt
829 765 935 812 fimo
949 765 1108 826 equino
1122 764 1273 821 calido,
1305 773 1348 815 &
1380 766 1435 813 fic
1456 781 1703 829 contegunt

259 841 334 887 pet
349 825 591 888 quindecim
608 826 711 883 dies,
742 827 893 888 quibus
909 827 1056 890 elapsis
1074 842 1291 890 reponunt
1320 828 1451 889 ipsam
1481 832 1610 878 furno
1639 829 1705 876 di-

261 890 502 938 stantionis
515 892 671 950 rursusq
677 906 691 944 3
707 891 881 940 eliciunt
895 890 1036 938 oleum
1049 890 1240 950 rubeum,
1274 891 1391 953 quod
1418 906 1499 953 pto
1515 893 1707 942 [inituris

261 952 515 1001 custodiunt.

319 1014 530 1078 Alioquin
546 1016 617 1063 alii
633 1014 934 1079 compaginarat
948 1032 1042 1066 cum
1058 1016 1286 1066 colchotari
1301 1033 1474 1066 ovorum
1488 1019 1601 1065 lutea
1616 1031 1708 1078 quae

263 1092 415 1126 tamen
429 1079 655 1129 elixatione
674 1079 934 1129 induruerint
960 1081 1089 1142 prius,
1145 1095 1245 1128 mox
1276 1079 1425 1130 horum
1453 1085 1707 1143 compagem

267 1140 460 1202 pondere
476 1143 621 1206 :equali
635 1143 681 1192 in
694 1141 880 1191 bocciam
910 1145 1087 1193 vitream
1104 1143 1344 1200 includunt,
1374 1161 1420 1190 ac
1444 1144 1574 1204 ipsam
1601 1144 1710 1191 fimo

268 1203 405 1252 calido
419 1221 656 1268 contegunt
673 1210 854 1273 ququsq3
869 1211 1082 1268 putrescat
1099 1207 1290 1263 materia,
1321 1215 1363 1257 &
1385 1207 1430 1254 in
1447 1221 1598 1268 aquam
1630 1207 1712 1251 sol-

255 1281 386 1315 vatur
402 1267 573 1316 rubeam
588 1271 704 1329 cujus
720 1274 874 1319 summa
884 1274 1061 1318 facultas
1076 1273 1136 1318 est
1162 1268 1313 1317 rubore
1330 1270 1501 1318 inficere
1515 1284 1708 1331 quaecun-

270 1346 353 1393 que
366 1329 589 1393 irrigantur
601 1332 653 1381 ab
669 1335 753 1397 ipsa
770 1350 783 1378 ε
800 1349 914 1380 aceo
929 1333 1059 1396 magis
1075 1331 1276 1389 succedit,
1289 1331 1359 1380 ubi
1374 1335 1492 1393 pastae
1508 1331 1712 1394 praedietae
1744 1340 1747 1343 '

272 1391 489 1442 associetur
505 1398 673 1458 aequalis
687 1394 829 1461 portio
846 1398 940 1443 salis
966 1395 1290 1447 ammoniaci.in
1317 1395 1548 1457 ampullam
1579 1393 1711 1443 vitte-

272 1471 359 1513 am,
374 1472 500 1519 quam
516 1457 685 1509 demum
703 1459 808 1507 fimo
822 1459 958 1508 calido
972 1459 1214 1521 quindecim
1228 1457 1377 1506 diebus
1390 1459 1599 1513 inferunt,
1616 1458 1711 1520 qni-

277 1517 355 1566 bus
368 1519 566 1583 equidem
582 1524 763 1571 solvetur
778 1521 822 1568 in
835 1522 982 1570 oleum
1000 1521 1258 1585 tingitivum.
1291 1567 1293 1569 .

335 1583 431 1632 Pari
461 1583 594 1632 fludio
605 1584 954 1633 Colchotarcum
978 1589 1060 1634 sale
1093 1583 1368 1632 ammoniaco
1394 1598 1714 1647 concorporant

276 1645 399 1694 urina
413 1662 660 1706 vaccae,m0x
676 1647 767 1709 igni
782 1662 1005 1707 exponunt?
1016 1647 1299 1708 compositum
1315 1647 1457 1708 quoad
1472 1649 1623 1696 sensim
1640 1646 1717 1695 ab·

274 1708 487 1768 sorbeatur
501 1710 694 1772 quicquid
711 1709 865 1759 humidi
881 1711 1030 1757 existet
1045 1710 1251 1771 reliquum
1276 1724 1384 1759 >vero
1413 1710 1583 1757 molunt
1600 1712 1719 1770 cujus

279 1769 412 1818 scobis
426 1775 544 1822 uncia
560 1776 590 1823 fi
603 1773 827 1834 proiciatur
842 1773 865 1820 s
865 1788 962 1836 uper
976 1772 1126 1822 decem
1139 1773 1291 1823 saturni
1306 1774 1401 1835 igne
1417 1772 1492 1821 fusi
1507 1771 1720 1824 inficietur

280 1835 381 1881 solis
395 1834 544 1884 rubore
557 1837 690 1893 intus,
726 1846 768 1888 &
786 1852 917 1889 extra.

327 1900 438 1946 Non
464 1898 611 1949 desunt
639 1899 710 1962 qui
735 1898 958 1947 sublimare
984 1912 1147 1961 cogunt
1182 1898 1310 1948 salem
1335 1898 1642 1949 ammoniacum
1667 1897 1719 1946 ad

283 1957 455 2022 duplum
473 1962 628 2014 vitrioli
641 1961 847 2011 rubificati
863 1962 1084 2025 quinquies
1102 1980 1113 2007 :
1145 1977 1246 2009 mox
1277 1962 1450 2011 cel-lario
1465 1964 1637 2020 locant,
1650 1977 1720 2010 aut

283 2021 393 2071 fimo
407 2025 547 2073 donec
560 2025 602 2075 in
618 2027 760 2073 oleum
777 2040 958 2074 vertatur
970 2024 1084 2090 quod
1098 2022 1229 2073 fixum
1243 2041 1402 2087 putant.

340 2091 504 2137 Verum
521 2088 758 2149 hujusmodi
784 2090 873 2137 vice
890 2088 962 2136 alii
993 2086 1178 2136 tundunt
1212 2088 1429 2135 colchotar
1461 2103 1561 2136 mox
1593 2090 1723 2150 ipsum

285 2153 403 2211 super
418 2152 600 2215 lapidem
612 2152 893 2217 porphiritem
911 2151 1094 2213 levigant
1113 2166 1207 2199 cum
1221 2167 1325 2214 aqua
1348 2151 1440 2200 salis
1471 2151 1721 2199 ammoniaci

286 2215 400 2276 quod
417 2215 515 2263 inde
529 2215 716 2264 exiccare
730 2215 980 2278 permittunt
994 2216 1107 2262 idem
1134 2230 1228 2262 vere
1259 2213 1390 2262 tribus
1416 2213 1572 2263 vicibus
1598 2230 1725 2276 repe-

269 2293 402 2335 ,tunt,
434 2278 706 2339 postmodum
722 2284 819 2327 loco
836 2277 1010 2329 humido
1040 2292 1250 2339 reponunt
1281 2277 1417 2326 donec
1444 2275 1653 2327 humescat
1678 2293 1727 2326 ac

289 2343 456 2404 penitus
469 2344 670 2393 solvatur:

354 2403 593 2468 Capiuntq;
610 2405 678 2453 alii
693 2403 874 2454 Vittioli
888 2405 988 2468 igne
1004 2402 1197 2452 rubentis
1213 2401 1525 2464 quantumlibet
1557 2412 1601 2455 ει
1631 2417 1727 2453 cum

270 2469 418 2525 ,melle
436 2470 605 2532 mqlunt
623 2478 666 2521 δε
686 2470 802 2519 instar
828 2470 947 2531 pastae
962 2468 1252 2525 commiscent,
1269 2481 1370 2518 mox
1385 2466 1656 2517 distillatione
1683 2482 1729 2513 a-

1603 2544 1728 2594 quam
