1967 2833
685 101 765 181 de
778 97 977 186 Olet>
1001 97 1318 186 Vitrioli.
1591 116 1687 200 56
1690 136 1719 215 3

277 231 448 295 expedit
468 231 699 297 transigere
714 233 830 289 colo,
861 232 930 281 vel
942 232 1043 292 filati
1072 233 1267 296 lingulis,'
1293 233 1394 282 inde
1425 235 1451 283 si
1479 239 1617 284 'rursus
1642 238 1724 285 hoc
1746 247 1750 252 '

270 295 565 346 committatur
583 297 671 358 igni
686 299 776 344 vase
792 297 971 352 recluso,
1000 297 1140 359 quoad
1171 296 1484 360 evaporatione
1526 313 1722 355 evaneat,

276 375 345 407 aut
384 358 668 408 distillationis
709 373 876 420 organo
929 362 1128 414 transeat,
1161 359 1278 421 quod
1337 371 1467 407 tenue
1486 368 1545 410 ³&
1582 376 1722 422 aquo-

276 429 367 473 sum
381 420 479 476 erit,
496 420 920 474 subfidebitcraffum,
941 428 980 468 δε
1001 421 1046 470 in
1064 424 1190 470 salem
1216 425 1478 480 concrescet,
1503 425 1576 486 qui
1608 424 1721 487 sepi-

276 503 324 534 us
346 484 571 533 solvendus
584 488 646 532 est
663 484 772 531 unda
787 484 999 540 stillaticia,
1026 501 1073 531 ac
1091 484 1211 533 filtro
1231 500 1277 532 ut
1295 489 1428 546 supr-a,
1466 484 1660 543 transire,
1674 502 1720 531 ac

275 550 444 599 demum
460 563 617 609 cogere
626 547 819 609 exposcit
834 564 847 592 ε
860 546 1111 609 hoc'quater
1126 549 1361 606 saltem‚aut
1378 548 1603 611 quinquies
1616 565 1719 596 exe-

273 626 437 677 quatur,
450 626 548 658 nam
562 609 764 659 refidebit
778 613 830 658 sal
846 610 1089 668 albiffirnus‚
1106 627 1150 657 ac
1164 610 1327 672 optime
1342 626 1526 672 paratus.

313 673 480 735 Qubus
495 672 680 734 peraffls
696 676 873 735 superest
887 672 1060 736 corpori
1086 673 1275 735 spiritum
1305 677 1420 721 suum
1437 672 1611 722 reddere
1629 676 1721 721 sen·

270 738 362 795 fim,
389 743 432 786 &
451 736 714 796 sanguinem,
729 751 772 782 ut
789 739 919 784 rursus
933 735 1131 783 unia-ntur
1150 756 1160 781 ι
1186 737 1232 783 in
1259 735 1398 796 primis
1438 752 1539 786 vero
1566 736 1718 787 molire

270 813 452 862 oportet
466 797 654 860 corporis
669 800 790 862 ipsius
809 797 900 847 salis
916 813 1052 857 partes
1086 798 1223 855 binas,
1259 806 1302 848 δε
1334 800 1380 847 in
1413 798 1712 851 cucurbitulam

270 864 447 913 vitream
462 862 685 919 collocare,
716 877 819 909 mox
834 861 873 906 ei
901 863 1199 922 superfundere
1231 860 1317 910 olei
1343 863 1590 924 liquorisve*
1609 878 1713 925 prae-

271 926 410 986 scripti
426 940 586 986 partem
603 940 743 982 unam,
755 941 799 971 ac
815 939 928 984 oeque
942 924 1213 971 commiscere
1236 925 1335 971 licet
1359 925 1538 973 rudicula
1567 925 1714 981 vitrea,

270 988 374 1036 inde
390 989 522 1034 altera
535 985 794 1034 cucurbitula
806 1001 951 1047 tegere
963 987 1155 1048 primam,
1174 987 1232 1033 ita
1246 1002 1291 1033 ut
1308 988 1437 1034 clausa
1452 1003 1633 1045 tueatur,
1664 995 1709 1037 δε

269 1050 353 1099 levi
369 1055 503 1099 calore
518 1050 706 1097 cinerum
721 1051 890 1099 lucerna
904 1049 1147 1105 exficcetur,
1180 1064 1282 1096 tunc
1317 1054 1450 1098 rursus
1474 1050 1712 1101 extrahatur

270 1117 296 1164 ὲ
314 1112 570 1161 cucurbitula
598 1128 753 1176 corpus
781 1117 1029 1160 exsiccatum
1045 1147 1060 1168 ‚
1101 1121 1143 1163 &
1174 1113 1219 1160 in
1253 1114 1463 1176 pollinem
1492 1114 1712 1176 redigatur,

269 1176 369 1225 hinc
385 1175 636 1224 cucurbitula
653 1175 920 1235 recondi-tum
935 1174 1135 1223 irroretur
1149 1177 1280 1223 altera
1304 1191 1420 1239 parte
1446 1176 1504 1222 sui
1519 1178 1708 1238 liquoris,

262 1255 314 1289 ,ut
330 1239 443 1303 prius
457 1240 627 1295 constat,
641 1256 683 1286 ac
699 1238 867 1299 pepansi
885 1252 1093 1300 coquatur
1111 1243 1236 1300 usque
1270 1239 1325 1286 ad
1354 1237 1603 1297 siccitatem,
1634 1256 1707 1288 ve-

269 1318 361 1351 rum
376 1303 507 1350 toties
523 1304 594 1347 suo
609 1301 883 1362 perfundatur
909 1300 1086 1362 liquore,
1131 1302 1367 1362 eademque
1408 1300 1568 1350 ‘norma
1600 1318 1709 1365 prae-

264 1364 413 1427 scripta
428 1365 557 1413 toties
571 1364 957 1421 leviterexiccetur,
972 1365 1183 1425 quousque
1199 1366 1390 1426 corporis
1419 1364 1557 1411 moles
1586 1367 1705 1414 aubia

265 1430 314 1478 fit
325 1427 375 1475 ad
389 1428 565 1490 duplum
581 1426 783 1488 ponderis
797 1426 963 1490 prioris,
995 1425 1111 1489 quod
1138 1427 1297 1474 trutina
1327 1425 1529 1475 indicabit
1550 1448 1562 1476 :
1605 1430 1702 1475 De-

263 1506 378 1539 mum
395 1492 439 1538 in
452 1489 658 1541 mortario
672 1489 812 1538 vitreo
829 1487 1029 1537 molitum
1044 1489 1296 1538 recondatur
1312 1493 1443 1537 rursus
1468 1489 1516 1537 in
1542 1491 1626 1551 pila
1644 1492 1705 1539 vi-

264 1570 351 1602 trea
366 1570 461 1602 cum
474 1555 624 1616 aequali
639 1553 842 1614 portione
858 1553 963 1599 roris
976 1552 1114 1615 ipsiuS,
1143 1567 1191 1599 ut
1224 1552 1371 1614 aequali
1400 1554 1520 1600 lance
1536 1551 1706 1609 librata,

260 1626 310 1669 >δι
325 1617 467 1678 sigillo
481 1616 696 1664 Hermetis
711 1618 917 1666 claudatur
929 1616 1029 1676 pila,
1043 1623 1088 1665 &
1104 1615 1338 1677 diplomate
1354 1616 1602 1673 collocetur,
1631 1613 1702 1663 ubi

263 1680 441 1729 officiuo
454 1679 679 1741 digeratur,
691 1679 755 1727 vel
772 1679 908 1739 quoad
923 1679 1169 1734 solvatur‚ac
1182 1676 1343 1726 ibidem
1361 1678 1575 1739 liquescat,
1592 1681 1703 1739 post.

263 1743 439 1791 modum
451 1758 554 1790 vero
565 1739 772 1791 cineribus
788 1741 942 1804 tepidis
959 1745 1198 1788 concrescet
1227 1756 1425 1802 tempore
1458 1740 1700 1802 quindecim

262 1805 425 1854 dierum
441 1805 505 1853 vel
519 1819 661 1867 parum
676 1807 807 1866 supra,
821 1804 861 1852 in
877 1802 1127 1852 medicinam
1155 1802 1382 1861 efficacem,
1406 1819 1492 1867 quae
1519 1803 1700 1853 maxime

262 1868 459 1924 conducit
473 1866 677 1915 fixatione
692 1869 950 1929 amalgamae,
965 1882 1009 1916 ut
1025 1867 1068 1914 in
1075 1871 1149 1915 fra.

335 1933 609 1980 Conflr-uatur
625 1930 874 1991 amalgama,
888 1945 932 1976 ut
949 1933 1078 1977 moris
1092 1932 1169 1986 est,
1192 1944 1244 1975 ex
1261 1929 1363 1976 semi
1393 1927 1518 1977 uncia
1546 1930 1700 1995 apollin

263 1994 333 2043 nis
346 2009 441 2042 cum
455 1993 587 2054 triplo
600 1992 814 2054 udrogiros
827 2006 923 2039 cera
936 1991 1118 2054 purgati,
1150 1991 1362 2053 indaturq3
1394 1990 1532 2052 phiala
1560 1994 1700 2053 vitrea,

269 2066 311 2108 δι
328 2059 449 2117 super
463 2060 687 2117 amalgama
703 2053 832 2117 ipsum
860 2054 1113 2102 immittatur
1141 2054 1319 2116 pulveris
1346 2055 1588 2117 praescriptae
1608 2071 1701 2103 meo

264 2121 393 2168 dicnae
409 2119 499 2165 dofi
514 2133 721 2179 quantum
737 2120 782 2166 fit
799 2121 856 2164 sat
874 2117 1166 2179 tegereidem,
1184 2131 1285 2165 mox
1316 2121 1533 2165 Hermetis
1560 2119 1701 2181 sigillo

267 2181 507 2230 occludatur
525 2180 676 2239 phiala,
690 2197 736 2227 ac
749 2181 935 2227 cinerum
951 2179 1099 2227 catillo
1129 2183 1312 2239 locetur,
1342 2178 1406 2226 cui
1434 2183 1699 2231 succendatur

265 2246 431 2294 lucerna
447 2243 682 2304 quindecim
698 2243 860 2291 dierum
876 2240 1177 2352 spatio,guibus
1191 2240 1552 2306 elapss3‚ref1debit
1570 2243 1698 2291 amal-

261 2319 388 2370 gama
403 2321 664 2362 concretum,
681 2307 796 2366 quod
813 2305 901 2366 igni
914 2304 1026 2368 lique
1061 2306 1123 2353 eri
1140 2305 1308 2352 exoedic
1324 2320 1418 2352 cum
1433 2308 1597 2353 saturno
1611 2322 1697 2354 teu²

267 2369 397 2427 restri,
423 2368 650 2417 actandem
666 2369 843 2416 fulmine
863 2383 1164 2430 repurgentur,
1179 2366 1369 2416 abscedet
1384 2367 1501 2416 enim
1515 2368 1614 2423 R&
1634 2383 1699 2414 re<

272 2433 485 2494 linquetur
497 2429 691 2480 obrizum
707 2446 802 2479 cum
816 2429 1029 2479 uberrimo
1045 2436 1193 2492 quaestu
1212 2465 1222 2478 .
1239 2434 1462 2491 Qatenus
1489 2429 1705 2478 subveniat

265 2491 513 2560 corporibus
531 2493 717 2542 humanis
732 2493 918 2542 adversus
935 2499 1169 2554 quoscunq3
1186 2491 1373 2550 morbos,
1384 2491 1536 2542 mirum
1547 2493 1587 2541 in
1607 2507 1704 2541 moa

266 2557 367 2606 dum
382 2556 495 2606 estin
509 2558 739 2622 conlpefflm
755 2556 964 2604 omniurn.
1092 2556 1204 2604 Cccc
1222 2572 1246 2604 z
1573 2556 1713 2604 CAR.
