1967 2833
624 171 625 174 ,
660 93 740 177 de
764 93 1032 204 Pyritei
1154 157 1157 158 ν
1508 117 1622 200 97

184 216 468 280 hujuscemodi
480 214 691 282 ellychnia
703 231 772 265 aut
785 228 936 266 eorum
949 215 1084 266 vicem
1094 215 1325 278 supplentia
1340 215 1427 273 jam
1439 219 1623 283 recenli-

185 297 227 331 ta
244 284 396 332 cuncta
411 297 578 333 uruntur
589 278 1081 343 perseveranteflamma
1097 293 1223 339 atque
1252 279 1446 327 celeriter
1472 284 1623 329 consu-

184 361 372 402 muntur,
404 358 660 407 quapropter
687 343 929 405 superiores
947 341 1080 390 nostri
1108 340 1357 404 indagarunt
1381 342 1622 407 'Thryallem

184 412 275 457 fere
288 422 566 470 perpetuum,
578 421 634 455 ut
652 405 711 453 ita
724 406 861 459 dicam
875 419 931 453 ex
943 406 1048 453 lano
1074 404 1251 464 caristie,
1283 406 1454 467 qualem
1461 406 1625 470 ‘scripsit

183 469 408 531 Pausanias
423 470 550 518 inefl'e
564 468 750 516 Athenis
761 468 807 516 in
823 483 950 517 aurea
967 469 1204 518 minerva
1220 469 1400 528 lucerna,
1413 484 1540 532 quam
1555 473 1622 516 fe-

133 564 136 570 ·
181 534 238 581 cit
256 534 506 581 Callimacus
526 554 540 589 3
574 530 775 580 mirabilis
786 530 987 594 equidem
1002 545 1093 580 etat
1109 532 1277 582 lucerna
1291 548 1378 595 quae
1405 547 1505 581 ante
1518 531 1621 580 Mi-

181 614 315 644 nervae
332 597 588 644 simulacrum
603 595 811 644 continuo
821 593 993 647 ardebat
1009 612 1019 642 τ
1037 594 1118 646 hoc
1130 610 1273 644 autern
1291 595 1496 658 exemplo
1509 595 1621 644 mul-

182 660 238 707 tis
253 659 296 708 in
309 658 547 721 regionibns
560 657 767 706 hodierno
781 672 977 719 tempore
991 658 1186 709 ufitatum
1201 661 1260 708 est
1282 657 1547 715 Asbestos‚id
1561 660 1622 705 est

184 723 428 780 amiantum,
456 719 727 784 qu·od‚.vulgus
751 721 1091 775 confunditcum
1106 721 1290 772 alum-ine
1304 724 1500 785 plumoso
1514 721 1621 768 alio-

150 819 157 825 .
183 784 285 847 quin
296 782 536 833 fabulantes
550 789 817 847 appellarunt
847 783 961 847 pilos
987 784 1362 842 salamandraes&
1388 786 1525 833 linum
1553 783 1622 832 in-

182 849 282 896 dum
294 847 584 908 atquevivum,
619 847 673 895 de
690 862 781 908 quo
791 849 880 909 egit
896 846 1069 906 Plinim,
1090 846 1174 897 lib.
1203 854 1274 908 36.
1289 862 1379 910 cap.
1400 864 1473 908 19.
1487 863 1533 897 ac
1547 845 1620 893 lib.

187 926 259 972 19.
274 910 559 974 supracitato:
581 918 623 961 &
643 909 915 972 Dioscorides
932 910 1006 959 lib.
1030 931 1070 972 ς.
1101 911 1150 957 de
1175 911 1389 959 Medica
1420 910 1619 964 materia,

182 990 274 1034 cap.
298 991 400 1036 147.
416 974 470 1021 de
486 976 697 1035 Amianto
712 972 848 1034 lapide
865 974 1039 1022 alumini
1051 973 1167 1023 sciffo
1196 973 1439 1036 similiquo,
1467 988 1621 1036 utpote

183 1036 314 1083 flexili
326 1052 488 1098 pannos
506 1052 669 1085 tantum
686 1036 984 1086 ostentationis
998 1037 1134 1098 gratia
1148 1050 1303 1084 texunt
1338 1037 1410 1098 qui
1422 1035 1473 1083 ad
1503 1037 1621 1098 ignes

180 1115 266 1146 con
268 1100 376 1158 jec'ti
388 1099 533 1148 ardent
548 1098 733 1162 quidem,
760 1098 830 1147 sed
845 1099 1024 1147 flammis
1038 1099 1186 1150 invicti
1199 1098 1504 1160 splendidiores
1519 1113 1618 1145 exe-

182 1176 261 1208 unt
278 1179 293 1217 3
330 1176 484 1223 practer
514 1178 655 1211 autem
684 1161 790 1211 hanc
817 1161 1074 1223 Dioscorida<
1098 1162 1362 1212 affertionem
1391 1161 1623 1219 memoriae,

179 1223 361 1285 prodidit
378 1224 601 1278 Hierocles
616 1223 1270 1287 quemadmodumBrachmanes
1283 1224 1403 1286 prisci
1417 1225 1552 1273 Indiae
1562 1228 1623 1272 sa·

179 1287 595 1347 pientesinduebant
609 1290 740 1338 vestes
765 1288 1023 1335 constructas
1052 1303 1104 1334 ex
1122 1287 1202 1334 hoc
1218 1287 1373 1348 lapide,
1406 1287 1478 1349 qui
1491 1287 1536 1335 in
1549 1287 1623 1334 fila

179 1348 409 1397 tenuiflima
422 1350 631 1407 dividitur,
644 1365 807 1406 netur,
838 1357 880 1399 δι
897 1351 1001 1397 lanat
1014 1350 1145 1397 modo
1160 1351 1334 1407 texitur,
1348 1349 1445 1397 inde
1460 1351 1619 1397 faciunt

179 1427 357 1473 pannos,
384 1421 436 1462 ’ὃς
453 1428 625 1475 mappas
640 1414 691 1461 ad
707 1411 1000 1474 abstergendas
1013 1462 1016 1465 ,
1028 1428 1230 1461 manuum
1259 1413 1398 1461 sordes
1412 1413 1457 1460 in
1475 1414 1620 1460 convi-

180 1474 272 1530 viis,
285 1492 329 1522 ut
343 1475 494 1536 scripsit
512 1475 690 1532 Plinim,
721 1475 998 1537 ardentesque
1012 1475 1056 1530 in
1073 1476 1180 1524 focis
1195 1476 1483 1525 conviviorum
1498 1492 1550 1523 ex
1567 1492 1621 1522 eo

178 1535 353 1586 vidimus
368 1552 535 1599 mappas
552 1537 736 1586 sordibus
754 1537 905 1584 exustis
920 1537 1190 1599 splendentes
1215 1538 1307 1600 igni
1334 1539 1462 1600 magis
1494 1554 1621 1598 quam

178 1599 354 1660 poffent,
365 1599 875 1662 aquis,conflruebantque
892 1616 1057 1648 veteres
1072 1603 1241 1663 Regum
1257 1605 1386 1655 vestes
1401 1600 1622 1657 funebres,

180 1662 326 1723 quibus
344 1679 493 1714 eorum
508 1664 699 1712 cadavera
714 1664 895 1726 involuta
906 1662 1208 1712 comburebant
1224 1680 1268 1711 ut
1297 1665 1625 1726 simplicemca-

183 1726 342 1773 daveris
358 1727 543 1782 'cinerem
572 1725 850 1787 colligerent:
875 1741 980 1788 opus
1013 1729 1110 1776 sane
1142 1726 1296 1788 ingens
1325 1727 1621 1789 occultumque

183 1787 404 1837 divinitatis
418 1787 654 1851 posteritati
670 1788 936 1851 reliquerunt
963 1807 974 1834 ε
1004 1793 1065 1838 At
1096 1789 1124 1837 fi
1143 1789 1349 1838 luminum
1376 1789 1621 1852 igniumque

185 1852 336 1899 seriem
349 1850 591 1913 adssunguem
605 1856 799 1904 evoluere
811 1851 952 1909 velim,
966 1851 1168 1914 numquid
1181 1851 1322 1907 mitius
1340 1852 1623 1914 efficaciusque

183 1913 322 1976 optari
350 1914 449 1966 licet
479 1930 604 1976 quam
632 1918 813 1977 sequens
842 1930 1093 1977 perpetuum
1117 1916 1259 1969 lumen
1289 1915 1403 1975 quod
1418 1931 1462 1963 ut
1474 1914 1623 1964 ordine

182 1976 364 2038 pandam
380 1980 634 2041 postremum
646 1993 765 2041 aeque
779 1979 937 2036 remisi,
966 1977 1320 2041 quemadinodum
1345 1976 1468 2029 enim
1477 1980 1625 2027 cssaetera

183 2039 344 2087 lum-ina
372 2054 425 2085 ex
456 2042 763 2102 propagatione
791 2039 926 2089 fienda
950 2040 1096 2101 ‚circuit
1108 2096 1111 2097 ⁷
1122 2041 1258 2094 siceo
1288 2055 1456 2102 quoque
1485 2039 1622 2090 finem

186 2101 363 2149 historiae
379 2103 603 2160 cujuslibet
618 2104 738 2151 modi
754 2103 1062 2167 propagationis
1074 2102 1320 2164 prescribere
1339 2103 1466 2154 {volui
1479 2121 1506 2152 2:
1539 2104 1624 2153 hoc

187 2180 337 2212 arcano
366 2166 524 2214 lumine
558 2164 813 2215 consuevere
839 2167 901 2213 uti
914 2181 1077 2214 veteres
1093 2167 1138 2214 in
1157 2165 1380 2229 sepulchris
1408 2166 1620 2214 continuo

186 2226 305 2273 enim
320 2227 490 2277 'ardebat
509 2229 551 2278 in
565 2229 625 2275 eis
641 2228 789 2291 absque
805 2230 890 2277 ulla
902 2229 1233 2292 interceptione,
1246 2228 1304 2276 ob
1317 2228 1359 2276 id
1374 2229 1526 2278 merito
1543 2246 1561 2276 a
1566 2245 1620 2292 p-

183 2290 393 2351 pellarunt
407 2307 503 2338 eum
518 2306 785 2353 perpetuum:
801 2292 922 2356 ipsius
937 2308 1076 2342 autem
1091 2291 1265 2354 liquoris
1278 2292 1449 2342 luminis
1465 2293 1618 2354 agendi

189 2352 342 2400 modus
359 2356 420 2400 est
437 2357 633 2413 sequens:
1350 2386 1357 2405 ,ἲ
1408 2408 1413 2413 ,

228 2455 239 2459 ,.
250 2416 370 2481 Cape
384 2415 478 2463 lotii
492 2418 717 2477 putrefaffi
734 2419 873 2466 fitulas
888 2433 994 2475 tres,
1026 2419 1072 2467 in
1087 2435 1176 2480 quo
1206 2417 1413 2467 solvantur
1438 2417 1622 2467 Vitrioli

190 2477 376 2530 Romani
388 2482 457 2531 sex
474 2477 606 2542 librae,
641 2480 756 2532 &ita
787 2480 1000 2544 quiescere
1034 2482 1170 2534 triduo
1197 2481 1435 2548 permittaS„
1466 2480 1621 2595 dginde

995 2548 1040 2594 Ο
1514 2558 1626 2594 occia
