1967 2833
295 108 453 225 '4773
737 102 943 192 Sexia
966 103 1335 225 Descriptio

292 245 410 303 dum,
428 241 701 295 &volatilem
714 260 1031 307 nuncuparunt,
1062 244 1232 306 quidam
1257 245 1403 293 oleum
1429 243 1586 303 album2
1611 250 1745 311 aquo-⁴

298 313 387 357 sum
402 324 547 356 tamen
562 313 638 363 est,
653 309 768 371 quod
782 309 876 356 satis
904 309 1023 357 distat
1043 307 1097 353 ab
1111 308 1215 354 oleo
1233 307 1367 355 rubeo
1393 311 1621 367 corrofivo,
1654 329 1750 361 cum

301 386 449 419 tamen
462 374 676 433 proprium
694 372 952 434 intedigatur
969 372 1130 428 oleum,
1146 371 1315 423 humor,
1330 373 1400 434 qui
1416 371 1567 420 tertius
1582 372 1750 421 effluxi't

303 434 465 482 coloris
492 431 619 491 rubei,
650 435 743 484 atti,
779 441 818 481 ὅ(
853 435 1102 498 pinguioris,
1139 434 1181 483 id
1198 438 1257 482 est
1305 434 1526 485 oleosioris
1572 452 1655 483 :ex
1668 437 1751 500 spi-

301 496 447 544 ritibus
464 512 566 546 vero
582 497 771 544 secundis
789 497 954 559 igneus,
969 499 1086 555 acris,
1105 505 1146 548 &
1165 497 1285 555 fixus,
1326 513 1458 560 quem
1483 498 1574 556 jure
1603 500 1751 550 dicunt

303 557 388 607 effe
402 560 549 608 oleum
565 561 816 608 torrofivut'n
840 579 852 606 ε
881 565 981 607 Haec
999 559 1142 608 omnia
1160 559 1261 606 scitu
1279 558 1419 621 digna,
1450 575 1496 606 ac
1513 564 1753 626 summope-

307 637 354 670 re
369 622 489 671 utilia
505 627 601 670 fore
623 623 836 680 admonui,
849 639 906 671 ne
927 624 1131 686 quispiam
1148 622 1197 671 ab
1213 639 1258 670 re
1273 623 1407 685 capiat
1424 638 1555 671 unum
1586 639 1665 685 pro
1695 630 1755 675 al-

308 700 422 741 tero,
441 703 483 733 ut
500 701 597 747 puta
612 685 774 733 acidum
788 702 869 747 pro
887 688 1112 743 cori-olim,
1127 703 1266 748 neque
1300 686 1497 748 phlegma
1512 687 1590 735 insi
1598 687 1761 749 pidum,

308 765 449 810 neque
466 747 646 809 spiritum
663 749 835 796 nimium
865 749 1070 797 dilutum:
1102 753 1378 799 Revertamus
1412 764 1551 798 autem
1581 767 1668 813 quo
1696 752 1767 811 di<

310 813 610 873 graffil'umus3
649 812 973 874 Spiritusitaque
991 813 1149 875 primus
1182 812 1316 868 albuS‚
1347 812 1500 869 aciduS,
1545 815 1767 865 &volari-2
1804 874 1806 878 y

312 876 365 921 lis
384 878 440 921 est
455 874 497 920 in
516 875 702 929 officinis
714 875 886 922 medicis
901 877 984 924 avis
998 891 1102 933 rara,
1137 877 1255 934 cujus
1280 875 1434 924 eximia
1460 876 1593 925 virtus
1608 881 1696 938 J'am
1715 895 1761 926 a-

312 937 395 985 deo
409 937 598 986 innotuit
619 937 861 986 Clariffimis
887 939 1137 988 diversarum
1168 939 1390 1000 regionum
1413 939 1610 997 Medicis,
1639 941 1764 1000 hujus

312 1001 446 1047 saecufi
482 1002 708 1065 pracsertim
723 1035 738 1058 ‚
783 1016 828 1049 ut
877 1006 1031 1050 summe
1077 1002 1331 1066 approbatus
1364 1003 1415 1049 fit
1464 1003 1659 1052 adversus
1692 1005 1762 1052 in-

315 1080 510 1112 numeras
569 1079 836 1114 contumaces
873 1063 1155 1127 aegritudineS,
1186 1081 1268 1113 nec
1297 1068 1471 1126 amplius
1503 1067 1639 1128 ignari
1663 1071 1764 1130 pos-

314 1128 400 1175 fint
444 1128 668 1190 quicquam
711 1129 765 1175 de
798 1128 963 1176 trahere
1007 1128 1116 1176 laudi
1146 1129 1268 1191 ipsius
1303 1128 1464 1191 spiritus
1496 1130 1634 1187 acidi,
1661 1146 1764 1179 nam

318 1190 500 1238 odoratu
534 1193 628 1238 {olo
659 1192 850 1240 celeriter
876 1194 1256 1240 sternutamentum
1273 1206 1434 1249 movet,
1465 1199 1508 1243 &
1542 1210 1665 1256 caput
1690 1209 1769 1240 ex-

321 1268 472 1317 purgat
493 1274 505 1310 ;
552 1255 711 1302 idcirco
754 1270 836 1315 pro
865 1270 1018 1303 arcano
1064 1252 1242 1303 habetur
1258 1269 1268 1275 ·
1282 1255 1332 1301 ad
1370 1257 1670 1317 expellendam
1705 1258 1766 1303 E-

321 1317 556 1379 pilepfiam‚
586 1318 888 1380 Apoplexiam,
924 1317 1181 1381 paralysim,
1209 1315 1538 1367 Suffocationem
1575 1319 1772 1380 matricis,

319 1383 581 1442 caeterosque
595 1397 752 1432 omnes
770 1382 959 1429 uterinos
973 1380 1169 1439 morbos,
1206 1388 1249 1431 δε
1269 1380 1406 1430 cordis
1423 1382 1768 1444 palpitationem,

322 1444 489 1490 {Cordis
503 1443 638 1501 enirn,
662 1452 701 1493 &
724 1444 902 1498 Cerebri
915 1444 1077 1508 spiritus
1091 1444 1355 1503 corroborat,
1371 1463 1416 1494 ac
1433 1446 1608 1495 tandem
1620 1447 1766 1498 effica-

310 1505 542 1563 -ciffimum,
569 1507 852 1572 singulareque
871 1508 1103 1557 temedium
1116 1512 1175 1557 est
1189 1508 1240 1557 ad
1270 1509 1576 1571 extinguendas
1607 1525 1767 1560 omnes

311 1569 483 1625 febres,
513 1571 700 1631 quamvis
720 1573 938 1630 ardentes,
952 1586 1180 1633 earumque
1196 1570 1304 1619 sitim
1320 1570 1660 1635 sedat‚praeterea
1688 1591 1767 1636 pe-

329 1633 558 1681 stilentibus
586 1633 753 1695 optime*
781 1634 1011 1683 conducit:
1042 1651 1138 1682 cum
1168 1637 1289 1681 succo
1303 1634 1528 1691 violarum,
1569 1642 1613 1685 &
1631 1636 1771 1700 firupo

311 1695 380 1745 *de
397 1694 593 1758 Bugloffa
626 1712 872 1758 quartanam
886 1697 1030 1760 pellit,
1047 1706 1092 1748 δι
1108 1696 1415 1757 quotidianam,
1439 1705 1483 1748 δι
1499 1698 1575 1747 alia
1589 1699 1769 1760 plurima

333 1762 506 1824 praestat,
519 1760 620 1806 dum
635 1776 779 1811 tamen
791 1762 821 1807 va
837 1761 1003 1809 medico
1019 1760 1307 1823 suppeditetur
1323 1759 1585 1818 methodico,
1618 1770 1661 1812 δι
1679 1779 1775 1817 non

315 1822 565 1885 empirice:
582 1821 789 1872 assumitur
805 1838 908 1885 potu
922 1820 982 1869 ab
999 1823 1151 1871 adultis
1167 1823 1254 1870 dofi
1284 1824 1461 1884 scrupuli
1471 1824 1633 1872 dimidii
1650 1831 1775 1889 usque

332 1885 385 1933 ad
403 1886 620 1948 integrum
639 1902 734 1934 cum
752 1887 898 1948 aliquo
915 1887 1100 1949 liquore,
1123 1902 1192 1934 aut
1211 1889 1406 1936 conserva
1424 1885 1603 1935 idonea:
1634 1891 1779 1953 pueris

322 1951 437 1997 :vero
451 1952 509 1997 sat
525 1954 585 1998 est
601 1947 798 1998 exhibere
813 1949 928 2005 duas,
943 1966 1011 1999 aut
1027 1964 1118 1998 tres
1132 1964 1274 2013 guttas
1287 1969 1301 1996 z
1318 1950 1651 2011 atgrandoribus
1675 1969 1778 2004 natu

335 2013 544 2078 quinque,
557 2015 682 2074 usque
698 2014 749 2058 ad
763 2016 831 2060 sex
847 2031 860 2058 ε
889 2014 1040 2062 eadem
1067 2014 1220 2075 triplici
1253 2012 1660 2065 medicamentorum
1691 2017 1779 2067 dofi

336 2075 575 2137 progressus
604 2079 663 2123 est
693 2079 870 2123 Galenus
884 2076 958 2124 lib.
976 2093 1024 2138 7:
1054 2075 1252 2124 Methodi
1279 2076 1494 2132 Medendi,
1510 2094 1600 2141 cap.
1623 2095 1695 2127 11.-
1725 2080 1779 2128 de

338 2139 528 2188 curanda.
539 2139 766 2188 ventriculi
782 2140 1053 2201 intemperie,
1084 2139 1154 2187 ubi
1169 2139 1374 2203 proponit
1406 2141 1605 2188 summam
1633 2142 1783 2201 dosim,

341 2207 386 2251 δι
404 2217 540 2264 prope
557 2202 678 2250 aliam
694 2201 910 2251 minimam
922 2201 1057 2251 dosim
1071 2219 1173 2252 mox
1187 2205 1302 2250 inter
1335 2216 1554 2265 utramque
1570 2205 1782 2255 constituit

342 2264 522 2313 mediam
541 2265 738 2322 dosim,ut
755 2264 957 2314 omnibus
973 2270 1032 2314 est
1047 2267 1210 2328 legere,
1239 2270 1404 2313 Verum
1418 2283 1544 2328 atque
1561 2269 1671 2315 ratio
1685 2285 1783 2331 per-

340 2327 485 2376 suadet
500 2326 607 2390 ipsas
622 2327 883 2376 differentias
900 2350 911 2379 t
928 2343 1085 2380 omnes
1101 2331 1221 2377 enim
1236 2344 1321 2377 uno
1351 2328 1580 2391 calopodio
1611 2332 1784 2382 claceari

343 2405 584 2454 nequeunt,
612 2407 706 2437 cum
720 2408 788 2439 aut
806 2391 874 2441 uni
904 2391 1060 2454 pedem
1075 2392 1203 2441 nimis
1218 2393 1332 2441 arete
1348 2393 1617 2456 comprimat,
1638 2410 1707 2442 aut
1723 2400 1783 2443 al-

345 2454 426 2501 teri
453 2454 575 2501 nimis
591 2457 682 2503 laxe
697 2453 886 2516 diffugiat
905 2476 918 2503 ε
948 2455 1007 2502 ita
1040 2471 1183 2518 neque
1217 2455 1372 2514 vietus,
1415 2459 1480 2505 vel.
1497 2458 1587 2503 usus
1604 2458 1787 2507 medica-

330 2530 598 2587 mentorum
608 2518 719 2585 ratio
734 2516 933 2588 omnibus
955 2534 1074 2585 aeque
1090 2517 1323 2587 convenitg
1359 2526 1401 2569 &
1424 2518 1530 2587 ¹ideo
1542 2534 1631 2572 non
1641 2538 1791 2585 puero,

1749 2600 1794 2635 ut
