1967 2833
269 95 408 205 398
716 93 922 173 Sexta
947 85 1316 205 Descriptio

275 223 326 272 de
341 224 533 288 simplic.
553 225 864 275 Medicament.
891 228 1104 272 Facultat.
1131 233 1174 275 &
1194 225 1283 272 aliis
1311 218 1499 283 pluribus
1528 221 1572 271 in
1597 223 1722 282 loci5,'

276 287 645 351 quemadmodum,
665 298 708 340 ὃς
726 305 808 338 nos
826 289 1005 353 superius
1017 288 1063 335 in
1079 287 1206 336 tertia
1220 285 1518 350 Descriptione,
1540 302 1628 352 cap.
1650 308 1721 338 20.

279 350 374 400 satis
388 348 534 401 diffuse
549 350 904 401 demonstavaus
919 350 1229 400 metallicorum
1242 351 1407 411 praxim
1434 349 1484 399 ad
1497 351 1729 399 utilitatem

280 412 495 478 publicam
514 415 728 476 ipsamque
756 414 958 464 medendi
980 414 1226 461 facultatem
1255 413 1484 477 plurimum
1511 417 1731 462 conferre:

283 491 429 525 verum
456 476 638 528 conssflit
667 478 868 526 nimirum
897 478 943 525 in
974 475 1168 524 distincta
1201 476 1453 537 cognitione
1481 478 1729 526 facultatum

283 538 436 601 quibus
458 541 671 589 metallica
703 540 903 602 praecipue
934 539 1098 588 vittiola
1126 538 1294 599 praedita
1322 543 1415 586 sunt
1445 556 1456 583 ε
1488 555 1536 585 ac
1563 542 1731 599 quintis

283 601 501 651 virtutibus
519 605 734 662 polleant,
769 619 938 652 necnon
955 618 1078 663 quam
1094 601 1211 650 variis
1231 601 1364 649 usibus
1384 603 1465 648 lint
1483 603 1578 661 apta
1595 606 1733 652 medi·

284 681 338 719 co
353 681 433 727 pro
463 665 667 726 plerisque
698 665 859 713 morbis
874 663 1166 728 profligandi9‚
1197 681 1373 726 quorum
1391 680 1535 713 tamen
1563 668 1674 715 usum
1701 668 1731 714 fi

291 727 521 788 reprobent
540 729 720 776 timiduli
735 729 1032 790 inexpertiqne
1050 727 1278 776 medicastri
1307 729 1470 775 null-arn
1495 741 1642 778 eorum
1655 745 1736 779 no-

288 791 428 837 titiam
445 790 655 839 habentes
670 807 799 854 quare
812 791 1054 854 obstrepunt
1071 790 1289 839 minetalia
1306 791 1465 839 nullam
1482 807 1576 841 cum
1594 792 1735 840 huma-

290 870 345 900 na
360 870 504 900 natura
519 854 854 903 convenientiam
869 852 1021 902 habere
1037 853 1115 902 hos
1133 855 1406 914 relegavimus
1436 854 1488 901 ad
1518 861 1737 912 Galenum‚

294 924 337 966 &
358 916 406 963 ad
425 916 526 962 alios
544 921 789 966 vetustiores
806 919 998 965 auoiores
1009 918 1080 979 qui
1107 917 1326 965 mineralia
1353 917 1399 964 in
1428 918 1546 967 variis
1573 919 1738 966 morbis

293 984 537 1040 usurparunt
552 996 709 1042 magno
723 998 767 1029 ac
780 980 913 1028 foelici
928 980 1103 1027 successu
1118 998 1128 1025 :
1146 979 1433 1038 hujuscemodi
1459 981 1657 1042 equidem
1672 998 1740 1030 re-

293 1043 429 1090 media
458 1043 686 1092 secundtm
717 1043 968 1105 exigentiam
1001 1041 1142 1091 debite
1173 1042 1456 1093 administrata
1488 1046 1513 1090 ὲ
1550 1044 1759 1093 faucibus‘

293 1108 447 1153 mortis
461 1105 655 1152 infirmos
671 1111 776 1166 saepe
795 1106 968 1162 tollunt,
986 1122 1224 1168 quanquam
1238 1106 1291 1153 de
1307 1106 1354 1152 iis
1371 1107 1418 1153 in
1433 1121 1569 1155 rerum
1585 1108 1741 1155 metal-

292 1169 465 1216 licatum
495 1169 767 1229 ignoratione
798 1169 943 1218 versati
967 1168 1225 1217 admirentur
1252 1168 1302 1214 ad
1329 1169 1454 1217 instat
1481 1172 1744 1218 muliercula-

294 1246 400 1288 rum,
421 1240 464 1281 &
480 1234 625 1278 oculos
643 1233 687 1279 in
705 1233 856 1280 vitrum
871 1236 1170 1280 transmutatos
1189 1230 1389 1288 habeant,
1420 1246 1463 1277 ut
1480 1234 1614 1281 solum
1630 1235 1745 1282 vide-

298 1309 367 1342 ant
385 1311 432 1340 ea
454 1310 544 1356 quae
560 1294 610 1340 ad
629 1311 842 1352 ornatum,
876 1302 919 1344 δε
950 1294 1203 1357 superficiale
1234 1296 1512 1354 speetaculum
1525 1297 1747 1358 pertinent

300 1360 490 1413 faustum,
529 1364 567 1403 δι
592 1357 824 1418 superbiam
841 1356 967 1405 obliti
984 1357 1170 1405 exaffius
1190 1358 1347 1419 legere,
1374 1366 1417 1407 ἃ
1435 1359 1747 1421 apprehendere

306 1421 455 1467 Galem'
471 1435 614 1482 operi,
644 1422 707 1467 vix
723 1437 859 1468 autem
876 1420 1080 1469 librorum
1094 1420 1267 1466 comites
1282 1437 1356 1482 per
1372 1436 1467 1469 tran
1485 1439 1611 1471 enam
1626 1426 1746 1486 aspe-

302 1497 476 1540 xerint,
512 1492 554 1533 &
572 1482 788 1544 dedignati
803 1487 1020 1532 consulere
1035 1483 1206 1540 (ἰοξὶος,
1242 1489 1282 1530 ὃ(
1302 1486 1452 1539 Senes,
1466 1501 1561 1532 nam
1578 1488 1751 1535 formica

303 1546 419 1593 senio
437 1562 547 1595 creat
563 1546 662 1603 alas,
679 1549 722 1592 in
742 1543 877 1592 dubiis
895 1545 970 1592 suis
989 1546 1221 1607 ignorantia
1237 1544 1543 1596 contabuerunt
1564 1567 1575 1594 :
1593 1565 1748 1611 praete·

300 1623 371 1656 rea
390 1625 476 1670 quo
492 1608 772 1664 excellentior
790 1624 869 1663 arS,
901 1611 952 1656 ea'
983 1607 1200 1670 pauciores
1229 1606 1355 1654 habet
1385 1613 1584 1668 cultores,
1608 1613 1749 1673 plures

303 1678 407 1718 vero
422 1685 772 1731 contemptores,
807 1671 878 1730 qui
891 1686 935 1718 ut
952 1670 1083 1732 ignari
1099 1687 1191 1718 non
1208 1671 1377 1731 poffunr.
1404 1671 1610 1721 abstinere
1638 1676 1750 1733 inju-

305 1735 378 1789 ria,
395 1749 439 1780 ut
458 1734 615 1782 asseruit
634 1733 793 1793 Cicero,
809 1733 880 1781 lib.
904 1750 942 1793 3.
966 1734 1085 1794 Offic.
1107 1731 1176 1779 ubi
1190 1735 1376 1789 insinuat,-
1402 1737 1484 1783 vias
1510 1737 1750 1798 ignatorum

305 1796 480 1844 lubricas
495 1797 578 1844 effe
590 1796 638 1843 ad
654 1794 878 1852 offensam,
892 1797 988 1845 hinc
1003 1798 1134 1858 ignari
1149 1797 1250 1845 faeti
1267 1799 1587 1851 sunt‚temerarii
1601 1817 1644 1847 ac
1658 1806 1753 1864 pes·

303 1860 396 1907 fimi
411 1861 732 1908 calumniatores
761 1858 1187 1916 medicamentorum,
1213 1874 1308 1906 non
1325 1859 1459 1906 modo
1477 1878 1563 1923 quae
1582 1880 1634 1911 ex
1662 1882 1751 1912 me-

306 1924 418 1969 tallis
435 1919 751 1971 mineralibusve
768 1922 1092 1984 depromuntur,
1123 1937 1264 1970 verum
1279 1921 1410 1970 etiam
1437 1940 1490 1971 ex
1506 1927 1752 1988 vegetabili-

310 1984 403 2042 bus,
419 1995 460 2036 &
481 1983 736 2042 animalibus,
767 1982 835 2032 ubi
850 1985 1059 2048 Chymica
1076 2000 1166 2032 arte
1183 1985 1434 2046 Spagiricave
1451 2003 1590 2049 parata
1609 1991 1687 2039 sint
1703 2008 1754 2038 ea

306 2048 571 2110 superciliose
603 2048 850 2107 reprobant,
882 2067 927 2096 ac.
960 2063 1106 2095 eorum
1146 2048 1490 2109 praeparationem
1524 2051 1756 2103 dilacerant

304 2111 585 2168 somnianteS,
620 2119 664 2160 &
685 2111 878 2164 illusione
894 2111 1042 2172 puerili
1056 2111 1281 2158 delitantes
1296 2112 1510 2159 immerito
1539 2118 1754 2177 appellant

308 2176 429 2222 illam
444 2175 689 2221 facultatem
705 2174 958 2235 praeparandi
989 2174 1298 2222 medicamenta
1326 2175 1579 2223 medicinam
1606 2179 1754 2226 carbo·

312 2237 489 2294 nariam,
520 2253 612 2283 cum
627 2237 728 2282 falso
740 2238 976 2286 existiment
992 2240 1181 2284 nostrum
1202 2241 1403 2285 Calenum
1421 2254 1513 2285 non
1529 2241 1755 2290 exercuisse

311 2300 624 2348 metallicorum
640 2299 801 2360 praxim
817 2315 905 2360 quae
921 2303 979 2347 est
997 2299 1201 2361 Spagirica
1218 2301 1462 2361 praeparatio
1481 2321 1491 2348 ι
1520 2305 1679 2352 constat
1693 2322 1757 2353 ta-

309 2378 414 2410 men
447 2362 657 2414 meznoriae
689 2360 913 2422 prodidiffe
947 2367 1150 2411 Galenum
1176 2360 1590 2412 Medicamentorum
1621 2385 1671 2414 cu
1673 2370 1760 2426 jus·

312 2439 479 2484 cunque
494 2425 662 2485 generis
677 2426 836 2473 corre&
844 2427 1005 2482 ionem,
1036 2433 1081 2474 δι
1101 2429 1218 2472 usum
1235 2439 1360 2484 quem
1372 2427 1490 2487 pauci
1503 2443 1648 2489 mente
1665 2438 1759 2493 per-=

309 2501 535 2549 ceperunt,
548 2487 711 2549 etenim
725 2486 1015 2548 hujuscemodi
1030 2487 1301 2551 operationes
1317 2489 1340 2535 ὲ
1357 2488 1602 2601 Neoterdifiiss
1618 2495 1761 2552 peritis

1545 2569 1554 2597 1
1592 2569 1762 2606 eruntut·
