1967 2833
525 110 621 196 ile
643 109 847 199 Oleo
870 109 1196 198 Vitrioli.
1449 137 1508 233 4
1518 127 1595 208 821

131 257 322 308 *demum
334 253 634 306 sublimatione
647 269 850 304 croceum
865 256 925 304 est
942 255 1120 312 fabrum,
1132 252 1246 317 quod
1259 253 1304 303 in
1321 252 1499 313 cellaria,
1526 260 1595 308 vel

150 323 238 372 alio
249 321 398 384 quovis
415 322 519 367 loco
535 318 706 382 frigide,
726 326 770 369 &
788 317 963 366 humido
977 321 1215 379 expositum
1232 320 1408 367 solvitur
1432 319 1476 367 in
1501 326 1598 371 ole-

148 401 224 434 um
237 383 395 432 coloris
406 383 536 442 aurei,
548 383 666 446 quod
678 384 829 431 lunum
844 381 1001 431 eodem
1015 383 1163 429 colore
1195 380 1366 431 inficere
1382 380 1564 432 afferunt
1580 402 1594 430 ε

139 464 297 500 verum
314 446 495 495 habetur
508 461 678 510 quoque
690 446 751 494 sal·
764 447 871 494 alter
888 461 943 493 ex
961 445 1063 492 oleo
1077 443 1222 501 rub10‚
1253 444 1354 494 dum
1382 445 1463 495 levi
1478 448 1597 495 calo-

147 526 196 560 re
212 510 430 560 distinetur
442 510 493 560 ad
505 509 804 576 spiffirudinem
820 508 1047 557 efflorescit
1062 511 1107 558 in
1139 509 1285 565 salem,
1316 509 1516 571 quamvis,
1541 519 1593 561 ει

147 575 258 624 alter
273 574 534 636 compositus
551 573 710 623 eveniat
725 573 900 629 sal,dum
915 571 1034 621 enim
1047 571 1121 634 ipsr
1137 572 1241 619 oleo
1254 571 1454 620 infundas
1470 588 1594 633 quar-

145 652 234 687 tam
247 649 418 700 partem
434 637 522 685 olei
537 639 715 693 Tartari,
727 636 845 683 illico
857 638 1093 684 fervescunt
1107 652 1205 691 una,
1233 649 1337 681 mox
1364 637 1524 684 Tartari
1542 651 1594 682 o-

145 702 262 749 leum
277 698 463 749 demittit
482 705 598 749 suum
613 700 758 757 salem,
777 707 817 746 &
849 699 894 747 in
926 713 1105 760 praeceps
1137 698 1331 748 deorsum
1351 697 1494 746 deiicit
1526 702 1596 746 sa-

144 763 233 813 lem
251 763 340 811 olei
352 763 467 812 rubri
478 779 636 826 nempe
651 762 922 819 colcotharis‚
940 764 998 809 ita
1012 761 1127 824 quod
1156 764 1261 810 sales
1290 761 1416 810 ambo
1430 764 1593 811 Tartari

141 826 313 885 scilicet,
330 835 374 878 δι
388 826 646 877 colcotharis
660 826 707 874 in
722 843 853 875 unum
867 826 1140 886 coagulantur
1157 824 1452 882 sedimentum‚
1469 826 1587 888 quod

139 891 268 938 salem
283 906 435 939 vocant
449 910 462 947 3
476 891 706 952 oleumque
722 891 970 952 relinquitur
984 889 1110 936 instar
1127 904 1240 949 aquae
1258 892 1423 946 rerusae,
1461 904 1588 949 quam

137 954 362 1016 appellant
378 955 523 1002 oleum
536 953 654 1001 dulce
674 953 939 1014 :prediorum
966 952 1095 1000 salem
1110 952 1394 1013 compositum
1430 967 1588 1014 appro-

141 1013 247 1064 bant
262 1015 453 1066 adversus
470 1031 616 1064 renum
648 1015 982 1071 obstrufflones,
1017 1022 1060 1064 &
1090 1017 1296 1064 calculum
1321 1015 1587 1077 absumptum

135 1094 234 1127 cum
251 1094 350 1141 aqua
366 1080 590 1142 alkekengi
607 1080 837 1144 :Alioquin
853 1079 983 1126 etiarn
999 1077 1182 1125 abscedit
1214 1077 1381 1139 spiritus
1408 1077 1511 1125 acris
1531 1095 1583 1126 o-

140 1142 201 1189 lei
215 1140 327 1190 rubri
344 1143 645 1201 colcotharini,
658 1143 702 1199 fi,
716 1143 789 1206 ipsi
803 1141 891 1189 vice
908 1141 1073 1190 Tartari
1089 1142 1177 1189 salis
1193 1142 1258 1189 vel
1272 1142 1358 1188 olei
1390 1139 1585 1189 adiic³an-

135 1219 207 1252 tur
237 1206 461 1257 unionuml
475 1205 611 1263 scobs,
661 1222 730 1253 aut
749 1205 907 1267 lapides
924 1205 1075 1260 cancri,
1112 1218 1181 1252 aut
1199 1219 1330 1253 cornu
1347 1203 1479 1252 Cervi
1492 1203 1581 1260 usti,

134 1267 421 1326 hujuscemodi
437 1270 510 1316 alia
526 1285 577 1316 ex
593 1284 772 1333 quorum
788 1267 1083 1317 commixione
1098 1264 1328 1317 effervescit
1345 1268 1505 1325 oleum,
1536 1275 1581 1317 ὃς

134 1332 387 1389 concrescit,
399 1332 456 1379 ita
472 1333 586 1394 quod
604 1335 710 1381 alter
726 1332 942 1393 colligitur
956 1331 1013 1378 sal
1028 1333 1303 1392 compositus,
1334 1345 1380 1376 ac
1408 1332 1582 1392 penitus

133 1394 246 1443 idem
277 1396 439 1452 evenit,
481 1396 597 1458 quod
640 1399 758 1457 supra
801 1393 1198 1442 demonstravimus:
1232 1391 1385 1456 quibus
1417 1392 1582 1451 habitis,

127 1472 194 1505 ne
240 1455 382 1508 verbis
418 1458 545 1507 nimis
574 1458 785 1508 abundare
821 1457 1063 1513 videamur,
1094 1456 1161 1504 hic
1185 1457 1488 1507 confistemus‚
1518 1461 1580 1505 sat

130 1522 249 1568 enirn
296 1523 377 1570 etit
410 1522 460 1569 ad
485 1525 662 1584 presens
708 1522 931 1585 generales
974 1519 1171 1569 omnium
1215 1523 1358 1571 salium
1401 1520 1578 1568 Vin-ioli

129 1586 311 1634 summas
343 1580 592 1648 exposuisse,
622 1602 718 1636 curn
748 1600 914 1647 tempus
946 1599 1091 1646 urgeat
1133 1598 1228 1631 rem
1271 1582 1579 1646 perstringere,

130 1655 176 1698 δι
216 1648 449 1696 institutum
496 1653 684 1697 nostrum
728 1648 955 1711 prosequi,
1001 1650 1244 1694 sermonem
1285 1647 1421 1707 itaque
1467 1664 1577 1695 con-

128 1725 341 1760 vertemus
386 1711 438 1757 ad
475 1713 601 1761 salem
644 1711 776 1758 fixum
823 1708 1106 1766 conabaris,
1164 1710 1282 1768 cujus
1325 1724 1492 1757 nomen
1525 1726 1573 1756 u-

129 1774 335 1823 niversale
364 1773 520 1824 indicat
544 1774 782 1823 craffiorem
796 1787 962 1836 partem
991 1771 1226 1819 substantiae
1255 1771 1451 1827 Vitrioli‚
1485 1788 1574 1835 quae

129 1835 258 1885 habet
274 1851 466 1884 naturam
484 1840 742 1894 terrestrem,
756 1851 851 1885 curn
866 1850 1198 1900 empyreumate.
1230 1835 1373 1882 Porro
1400 1839 1457 1884 sal
1476 1850 1574 1884 orn-

122 1917 208 1949 nes
225 1899 391 1962 digerit,
408 1900 638 1964 adstringit,
668 1900 875 1956 calefacit,
904 1899 1044 1954 ficcat,
1072 1897 1476 1960 abstergit,res01v²t‚
1494 1899 1572 1946 hu-

127 1963 374 2025 midumque
389 1965 641 2026 superfluum
681 1963 918 2022 consumit,
953 1970 995 2013 &
1016 1961 1201 2023 diffipart
1229 1962 1439 2017 ,Praeterea
1468 1977 1572 2009 vero

125 2027 387 2090 experientia
402 2025 604 2079 habemus
616 2031 745 2076 salem
763 2026 1032 2084 colcotharis,
1064 2026 1171 2076 alios
1185 2025 1399 2072 excellere
1415 2023 1459 2071 in
1476 2040 1567 2071 me-

122 2090 282 2149 dicim,
296 2090 373 2139 etsi
387 2091 496 2140 varie
514 2105 746 2155 operatus:
778 2092 861 2138 Per
892 2089 1096 2139 vomitum
1122 2088 1237 2138 enim
1267 2088 1431 2135 facilem
1461 2103 1569 2134 exo-

122 2169 252 2202 nerat
280 2153 564 2204 ventriculum
594 2157 788 2203 onustum
820 2169 874 2201 ex
901 2167 1160 2214 quacumque
1202 2154 1313 2199 causa
1344 2150 1569 2201 dolentem

123 2218 512 2277 sanar,chronicos‚
530 2218 773 2281 laetalesque
803 2215 979 2265 morbos
1023 2230 1159 2270 curat,
1192 2213 1379 2261 adversus
1406 2211 1567 2271 febreS,

125 2282 408 2337 disenteriarn,
424 2289 466 2331 &
485 2279 1136 2344 anginam'confert,epilepsiam
1155 2277 1292 2333 tollit,
1328 2279 1356 2324 fi
1389 2274 1566 2326 assuma-

126 2358 199 2392 tur
213 2360 287 2406 per
306 2360 358 2391 os
375 2345 597 2408 praedfius
612 2347 666 2392 sal
680 2344 938 2392 colcotharis
955 2343 1007 2391 viz
1020 2341 1119 2388 r'oli
1147 2342 1224 2388 rite
1240 2354 1485 2402 prxparatus
1513 2339 1563 2386 ad

124 2424 256 2468 grana
282 2411 462 2470 septem,
477 2410 600 2467 οᾶο,
623 2413 686 2457 vel
697 2408 862 2463 decem,
894 2409 1010 2465 juxta
1030 2404 1278 2465 agrotantis
1295 2405 1416 2458 vireS,
1431 2401 1561 2448 ‹liffo-
1609 2407 1613 2411 '

120 2471 237 2517 lutus
253 2485 388 2519 autem
405 2472 510 2521 vino
525 2470 681 2519 haurire
697 2471 885 2531 expedit,
916 2484 985 2516 aut
1017 2484 1111 2514 cum
1144 2466 1335 2515 saec-haro
1363 2464 1562 2522 candido,

122 2534 357 2600 acdemqm
371 2548 476 2597 aqua
490 2535 663 2583 feniculi
677 2534 936 2587 dissolutum,
968 2540 1009 2581 δε
1031 2530 1165 2580 calide
1194 2528 1463 2593 propinatum
1493 2545 1561 2576 aut

877 2601 966 2657 Q
983 2611 1013 2658 <1
1455 2607 1560 2652 aqua
1612 2614 1633 2644 ει
