1967 2833
662 62 744 145 de
767 61 1044 178 Pytitel
1510 60 1583 155 ξι

129 211 218 245 cus
245 193 430 242 marinus
443 190 592 249 Plinii,
628 192 811 241 multum
825 196 867 239 se
895 192 1008 254 ipsos
1035 192 1298 249 aemulantur,
1325 188 1455 239 ambo
1479 189 1595 237 enim

147 258 262 310 foliis
276 256 371 305 latis
385 259 476 304 fere
492 254 650 316 crispis,
686 262 729 305 &
748 255 958 316 corugatis
974 254 1127 318 absque
1143 253 1351 303 radicibus
1381 253 1595 301 adhaerent

148 318 330 381 scopulis
347 317 517 366 marinis
534 317 644 366 intra
659 333 824 379 aquam:
841 316 1086 378 Aristoteles
1103 318 1178 366 lib.
1195 325 1242 369 6.
1260 320 1310 367 de
1327 314 1596 385 Animaliuqn

151 381 362 445 Historia,
374 380 559 443 prodidit
569 385 710 430 fucum
722 380 933 430 marinum
947 381 1028 432 effe
1046 381 1208 441 ostreis,
1243 389 1288 433 δι
1307 379 1510 443 pisciculis
1522 382 1595 426 alx-

149 460 349 496 mentum
369 465 382 491 ε
413 444 606 493 meminit
623 460 721 494 eum
737 448 931 500 Galenus,
944 446 994 494 de
1002 445 1180 511 fimplic.
1197 446 1375 496 Medic.
1392 444 1595 504 facultat-

150 509 414 569 refrigerare,
429 515 475 558 &
490 506 721 557 deflicc'are.

211 571 395 620 Virescit
410 572 571 618 muscus
587 569 737 632 absque
756 570 958 620 radicibus
972 573 1044 636 qui
1059 586 1178 622 terrae
1193 571 1456 635 superficiem
1467 583 1596 615 oecu-

150 649 240 701 pat,
270 638 375 683 alter
389 636 549 682 muscus
566 632 786 682 arboribus
804 634 1035 684 adnascitur
1062 634 1257 686 omnibus
1284 648 1419 683 notus
1433 633 1459 681 ὲ
1471 633 1597 679 Grae-

151 699 208 747 cis
220 705 356 758 βςυόν,
375 703 417 744 δι
437 695 618 745 officinis
632 700 758 745 usnea
774 712 959 746 vocatur.

213 760 347 811 Plinii
360 759 528 808 Cass'uta
542 760 719 809 officinis
734 763 917 811 Cuscuta
929 760 1087 808 rubens
1120 760 1248 821 longa
1278 758 1599 818 tenuissimaque

151 825 278 874 instar
295 823 544 886 capillorum
559 823 687 871 nullis
704 823 858 873 nititur
871 822 1093 880 radicibu3‚
1124 820 1287 880 crescit,
1317 829 1362 872 δε
1378 820 1507 884 serpit
1523 819 1599 866 hu-

152 889 229 946 mi,
242 886 493 950 quandoque
509 885 538 935 ss
554 887 671 935 nulla
686 883 902 935 sublimior
918 888 1065 952 planta
1080 888 1130 934 fit
1145 886 1187 934 ei
1202 884 1394 949 proxima
1407 899 1456 932 ut,
1471 883 1599 932 inhae-

155 966 243 1000 reat
259 966 332 999 :ut
350 950 576 1012 plurimum
587 967 688 1002 vero
701 949 918 999 fruticibus
935 948 1166 1013 herbisque
1180 948 1424 1005 innascitur,
1454 955 1498 998 δε
1514 943 1599 991 ob-

156 1014 338 1062 voluitur
354 1013 431 1060 eis.
656 1012 659 1018 ⁴

221 1076 462 1123 Persuniles
478 1079 644 1125 cuscutae
664 1076 796 1124 oritur
815 1074 1068 1138 Epithymus
1085 1078 1204 1140 super
1231 1074 1426 1138 thymum
1452 1071 1600 1133 absque

158 1138 382 1196 radicibus,
413 1139 711 1200 multiplicatur
723 1139 768 1186 in
785 1139 918 1188 crines
946 1138 1160 1186 tenuiores
1176 1174 1191 1195 ‚
1227 1143 1399 1187 cuscutae
1417 1134 1603 1198 implici-

160 1219 224 1250 tus
241 1202 369 1250 ambit
390 1201 584 1264 thymum
599 1217 797 1261 tanquam
816 1203 1092 1250 involucrum.
1535 1223 1537 1225 ·

208 1266 212 1267 ⁷
230 1270 528 1314 Veruntamen
548 1280 637 1325 quae
652 1264 741 1311 aliis
772 1265 931 1328 plantis
961 1264 1178 1312 adhaerent
1204 1277 1347 1311 earum
1376 1260 1604 1323 qualitates

161 1328 384 1389 concipere
403 1343 527 1388 atque
544 1328 698 1374 ssmiles
719 1332 854 1375 secum
870 1327 1035 1375 trahere
1067 1327 1267 1375 videntur
1282 1346 1296 1382 3
1325 1327 1430 1372 teste
1456 1328 1606 1371 Galeno

161 1389 262 1438 lib.1
276 1408 294 1437 1
305 1426 316 1438 .
332 1392 379 1438 de
394 1390 582 1452 Simplicr.
601 1391 934 1439 medicantem.
943 1389 1146 1451 facultas.
1179 1387 1252 1437 ubi
1265 1385 1419 1435 differi:
1435 1386 1489 1434 de
1501 1400 1606 1435 ovo-

162 1469 255 1501 rum
270 1452 532 1502 facultatibus
552 1453 684 1513 inquit
703 1469 778 1502 ova
794 1469 887 1501 non
902 1452 986 1503 effe
1002 1468 1144 1516 partes
1157 1451 1414 1507 animalium,
1438 1464 1512 1497 ceu
1530 1463 1608 1497 nec

161 1514 362 1563 arborum
387 1517 561 1571 frusius,
593 1532 676 1563 nec
706 1517 967 1579 gravidarum
1009 1521 1138 1566 foetus
1163 1537 1177 1573 3
1211 1514 1284 1562 sed
1314 1514 1605 1579 proportione

163 1579 426 1639 respondent
439 1579 586 1639 quibus
603 1583 881 1641 agnoscuntur
899 1600 910 1628 :
927 1580 1115 1643 quaedam
1130 1580 1259 1641 plane
1274 1576 1489 1627 familiaria
1504 1590 1604 1645 pro-

163 1642 344 1704 prifique
358 1644 669 1706 conspiciuntur
681 1660 772 1692 tum
785 1647 1027 1706 plantarum
1043 1659 1136 1691 tum
1163 1641 1407 1690 animalium
1435 1654 1606 1694 naturis,

162 1721 209 1751 ut
226 1707 366 1754 ovium
379 1707 487 1762 lam,
521 1715 562 1756 δι
581 1706 759 1755 aliorum
777 1708 1019 1756 animalium
1031 1706 1107 1769 pili
1133 1705 1319 1768 quaedam
1348 1718 1444 1752 non
1459 1705 1604 1749 omni-¹

161 1782 228 1815 no
241 1768 337 1814 talia
351 1783 397 1815 ut
413 1769 561 1817 viscum
579 1770 693 1828 quod
711 1771 939 1831 agnascitur
953 1770 1182 1832 quercubus
1200 1772 1339 1816 frutex
1368 1770 1426 1816 est
1453 1765 1608 1827 produ-

162 1846 283 1888 cem,
315 1846 454 1878 ramos
469 1831 569 1881 folia
584 1831 799 1888 flosculos,
832 1840 876 1883 &
889 1833 1034 1883 baccas
1059 1847 1155 1881 cum
1170 1830 1330 1880 semine
1346 1829 1502 1880 radices
1516 1832 1608 1878 nul·

166 1897 228 1942 las
244 1898 411 1954 prosert
429 1893 622 1944 arborum
637 1896 756 1944 enim
769 1898 893 1944 ramis
909 1896 1104 1946 adhaerer2

233 1957 442 2015 Qaedam
456 1972 626 2020 quoque
640 1961 793 2021 plantae
810 1976 882 2022 per
900 1966 942 2008 se
958 1959 1193 2009 demittunt
1209 1971 1329 2005 terrae
1354 1956 1607 2006 tenuiffimas

166 2017 293 2067 fibras
310 2020 396 2069 vice
416 2020 613 2076 radicum,
647 2036 692 2069 ut
706 2021 883 2070 lichenis
900 2025 1029 2073 altera
1042 2022 1214 2087 species·-

231 2084 442 2129 Oriuntur
455 2083 571 2146 fungi
584 2084 610 2130 ὲ
626 2099 735 2132 nerra
760 2084 849 2132 fine
875 2084 1079 2134 radicibus
1107 2084 1291 2146 quamvis
1316 2099 1463 2133 eorum
1489 2097 1609 2132 non·

169 2145 277 2193 nulli
292 2144 648 2210 insideantpaucis
663 2147 904 2208 quibusdam
921 2148 1168 2197 tenuiffimis
1183 2147 1306 2196 fibris
1329 2147 1528 2196 defluunt
1558 2144 1607 2193 in

172 2207 344 2259 brevem
356 2209 636 2258 summitatem
653 2211 796 2267 latam,
829 2218 873 2262 δε
894 2211 1177 2261 orbicularem
1191 2212 1317 2258 instar
1331 2211 1461 2274 galeri
1487 2207 1606 2274 pedi-

168 2271 268 2318 culo
284 2272 478 2320 rotundo
494 2270 706 2335 crassoque
721 2273 874 2337 absque
887 2276 1071 2326 medulla
1085 2291 1234 2330 nerv0,
1253 2283 1296 2325 &
1312 2289 1435 2323 vena.

231 2337 286 2404 in
297 2340 523 2398 fungorum
538 2353 692 2398 genere
702 2337 856 2400 scripsit
873 2340 1110 2387 Rombercus
1142 2340 1366 2394 Dodoneus,
1396 2334 1472 2383 lib.
1492 2355 1535 2397 ς.
1563 2335 1611 2383 de

172 2397 377 2461 Scarpinm
389 2399 573 2459 historia,
590 2400 672 2449 effe
685 2402 928 2451 nonnullos
942 2404 1142 2453 Globosae
1159 2407 1309 2451 formae
1340 2416 1459 2450 terrae
1474 2398 1611 2448 adhae-

171 2473 319 2508 rentes
347 2460 500 2525 absque
527 2463 662 2511 radice
692 2465 804 2527 pede
831 2466 1094 2518 caulicolove
1120 2466 1327 2518 immunes
1340 2478 1450 2527 quos
1463 2462 1613 2524 vulgus

172 2526 357 2587 appellat
372 2526 460 2589 lupi
475 2528 675 2589 crepituS.
923 2534 968 2579 H
1002 2548 1026 2579 2
1467 2533 1615 2577 Petrm
