1967 2833
606 163 610 166 -
650 105 747 189 2de
771 102 1045 219 Pyritej
1495 131 1587 214 41

147 236 248 285 inde
258 235 307 346 ἔῃ
320 249 369 284 ea
384 230 620 298 regenerari
652 231 736 281 ait:
767 232 924 283 idcirco
955 228 1165 295 Virgilius
1188 228 1263 280 lib.
1284 227 1357 281 10ss
1379 230 1591 281 eAEneidis

149 300 256 362 scrip
273 316 324 360 it,
424 299 427 302 ⁵

519 386 533 399 .
592 398 597 401 .
671 359 846 422 -Ast
857 363 959 407 Ilva
973 374 1180 417 trecentos,

264 424 424 486 jlnsula
436 420 687 483 inexhaustis
699 421 932 487 Chalybum
941 424 1132 487 generosa
1144 421 1343 470 metallis.

152 548 275 599 Idem
290 548 450 600 asseruit
462 553 502 596 F
503 550 712 615 alloppius,
724 549 792 597 lib.
814 550 864 598 de
883 547 1174 598 Thermalibus
1187 546 1325 611 aquis,
1348 559 1438 610 cap.
1460 565 1500 606 ς.
1526 544 1594 593 di-

149 628 270 669 cenS,
301 627 551 676 perpetuare
566 613 675 661 hanc
689 613 880 662 fodinam
910 612 1070 663 ferri&
1104 609 1259 674 absque
1285 608 1595 659 intermissione

152 675 234 725 ess‘e
248 690 498 739 perennem.
569 681 715 737 Quare
730 676 1038 733 IllustriffimuS‚
1080 683 1124 726 δε
1137 673 1426 723 Sereniffimus
1441 671 1581 720 Arch-

154 738 237 786 dux
254 739 493 787 Florentiae
507 741 737 789 maximum
750 754 804 786 ex
817 755 865 786 ea
881 737 1007 788 habet
1020 753 1279 802 proventum
1310 756 1322 784 :
1351 750 1484 801 porro
1517 748 1594 782 ex-

152 800 364 865 perientia
379 800 556 852 habetur
571 802 683 851 idem
697 803 865 852 evenire
880 801 933 850 de
948 800 1151 864 Sulphure
1171 818 1184 856 3
1202 800 1453 848 halituosutn
1473 798 1596 860 quip-

153 880 209 926 pe
223 867 282 913 est
296 865 460 927 sulphur
474 867 665 928 quinimo
677 864 792 914 inter
805 864 1025 928 primarios
1052 864 1218 927 spiritus
1247 863 1462 926 chymicos
1490 875 1595 911 con-

153 943 391 977 numeratur
406 928 780 990 quemadmodum,
811 936 857 979 &
873 941 1090 991 argentum
1105 927 1256 983 vivum,
1289 934 1331 976 &
1351 925 1595 977 arsenicum,

156 988 242 1037 haec
259 995 349 1040 sunt
362 991 579 1055 spirituum
590 1007 840 1055 compages,
873 1000 916 1043 δι
933 991 1092 1040 habent
1106 990 1153 1039 in
1166 992 1207 1038 se
1225 988 1437 1051 quendam
1465 988 1596 1049 spira-

157 1050 288 1102 bilem
302 1055 503 1111 calorem,
528 1054 1006 1118 vegetumquespiritum
1036 1054 1124 1102 auri
1154 1062 1198 1104 &
1230 1052 1393 1113 argenti
1420 1056 1595 1098 semene

157 1116 493 1177 experimentum
522 1118 569 1166 in
600 1118 830 1181 conspeetu
860 1133 983 1179 atque
1013 1117 1148 1164 oculis
1178 1117 1369 1164 omnium
1396 1112 1597 1160 habemus

158 1178 276 1240 quod
292 1194 394 1240 aqua
410 1179 663 1229 thermarum
682 1180 913 1243 sulphurea,
930 1181 1028 1227 dum
1045 1183 1069 1228 ὲ
1084 1183 1158 1227 suo
1171 1183 1298 1226 sonte
1315 1176 1495 1224 naturali
1510 1180 1596 1222 sca-

159 1255 244 1297 tet,
276 1242 407 1289 calida
433 1245 509 1299 est,
543 1252 585 1294 &
605 1244 818 1300 halituosa,
849 1243 877 1289 fi
909 1245 1009 1292 vero
1038 1244 1106 1290 diu
1130 1242 1267 1289 hausta
1291 1255 1409 1286 extra
1435 1239 1597 1285 alveum

161 1318 355 1351 teneatur
371 1319 438 1351 aut
468 1306 635 1369 longius
664 1310 928 1354 transferatur
956 1304 1017 1352 ob
1044 1305 1361 1353 exhalationem
1386 1301 1599 1364 spirituum

161 1365 360 1427 frigescit,
380 1376 422 1417 &
443 1369 600 1416 omittit
617 1369 802 1432 proprias
817 1370 1102 1425 facultates,&
1122 1370 1277 1414 iterum
1295 1367 1325 1413 fi
1340 1364 1497 1412 calefiat
1508 1364 1602 1426 igni

161 1443 258 1478 vase
271 1445 420 1491 aperto
435 1432 490 1476 eo
505 1431 637 1493 magis
652 1447 881 1494 evaporant
902 1447 1014 1492 aquae
1033 1428 1437 1493 sulphureae'spiritus
1461 1426 1602 1475 innati

163 1491 235 1554 qui
249 1493 341 1539 sunt
358 1492 676 1542 instrumentum
689 1495 908 1556 proprium
921 1498 1067 1542 formae
1097 1493 1349 1542 thermarum
1380 1491 1427 1538 in
1456 1491 1602 1537 omni-

164 1554 244 1601 bus
259 1554 335 1600 suis
350 1556 646 1605 facultatibus:
678 1555 1006 1614 ficutidela&e‚
1043 1566 1086 1607 δε
1113 1557 1167 1604 de
1200 1556 1356 1602 sem⁵ne
1383 1554 1556 1601 dicimus
1590 1571 1602 1597 t

165 1631 422 1680 quapropter
440 1619 671 1685 Falloppius
689 1619 876 1668 Tracfi‘as.
895 1634 939 1666 ut
961 1623 1097 1681 supra,
1130 1634 1203 1682 cap
1218 1623 1261 1666 8.
1278 1617 1412 1679 inquit
1430 1637 1442 1673 ;
1482 1615 1510 1662 fi
1537 1632 1602 1663 re-

166 1680 358 1740 frigerari
387 1681 541 1730 accidat
569 1685 671 1730 mox
699 1683 849 1731 iterum
884 1681 1102 1731 incalescat
1144 1699 1248 1743 aqua
1275 1681 1492 1744 sulphurea
1518 1694 1603 1727 non

165 1746 327 1806 praestat
344 1759 421 1790 eos
439 1749 527 1790 usus
556 1745 754 1808 sulphuris
782 1761 889 1808 quos
919 1760 1061 1802 antea,
1092 1745 1178 1804 jam
1210 1744 1325 1791 enirn
1353 1747 1446 1789 suos
1469 1742 1604 1789 amisit:

157 1821 370 1868 vapores:
400 1807 659 1868 qui-penitus
676 1824 769 1855 cum
785 1809 1116 1859 calorenaturali
1131 1806 1341 1869 deperditi
1357 1809 1450 1852 sunt
1482 1827 1493 1852 :
1522 1820 1603 1852 ne-

171 1883 253 1931 que
269 1883 475 1916 extraneo
492 1872 641 1918 redimi
653 1871 823 1936 possunt
837 1890 848 1917 ε
864 1871 1040 1919 memini
1055 1868 1603 1929 hujuscemodiexemplum

168 1930 311 1979 haberi
327 1947 380 1977 ex
394 1933 609 1981 vulnerato
623 1934 668 1982 in
683 1934 819 1994 capite
835 1933 1193 1997 quemadmodum
1223 1930 1379 1993 scripsit
1409 1935 1605 1987 Galenus,

169 1994 242 2042 lib.
261 2016 306 2057 7.
333 1993 386 2041 de
409 1996 677 2058 Hypocratis‚
712 2005 756 2046 &
787 1996 967 2044 Platonis
997 1996 1222 2053 Decretis,
1249 2010 1403 2057 cap.13.
1433 1993 1502 2040 ubi
1532 1995 1603 2049 ait,

170 2074 266 2105 cum
279 2073 332 2103 ex
345 2058 637 2109 vulneratione
652 2059 797 2121 capitis
811 2060 973 2121 spiritus
987 2059 1115 2107 fuerit
1140 2074 1354 2108 evacuatus
1383 2057 1500 2109 illico
1514 2056 1606 2106 ani-

168 2121 254 2168 mal
269 2120 377 2183 quali
391 2135 604 2169 mortuum
619 2120 842 2170 collabitur
864 2141 875 2168 :
904 2121 1058 2170 idcirco
1088 2120 1363 2181 ‘qumundus
1390 2122 1431 2167 in
1458 2119 1532 2169 lib.
1559 2140 1605 2169 2.

175 2187 222 2230 T
215 2182 424 2244 estamenti
436 2185 656 2245 noviffimi,
689 2184 846 2248 inquit,
877 2185 1039 2234 Anima
1055 2189 1115 2234 est
1141 2187 1258 2233 calor
1286 2186 1502 2241 naturalis,
1531 2181 1605 2244 qui

171 2248 232 2294 est
257 2247 482 2308 colligatus
511 2251 557 2295 in
588 2249 721 2312 prima
744 2245 913 2297 essentia
954 2249 1272 2297 elementorum
1300 2250 1467 2310 argenti
1499 2246 1603 2296 vivi:

174 2308 514 2374 praedifflajgitur
531 2313 682 2359 ceneta
697 2313 880 2360 indicant
904 2311 947 2359 in
974 2312 1146 2360 materia
1174 2327 1267 2361 tum
1297 2311 1482 2374 lapidum
1512 2326 1609 2358 cum

175 2372 303 2419 etiam
318 2373 591 2421 metallorum
606 2375 777 2423 existere
790 2373 973 2423 animam
988 2377 1397 2435 tanquamvirtutem
1426 2375 1609 2422 semina·

179 2435 298 2488 riam,
333 2451 422 2497 quae
436 2438 568 2498 agitat
580 2438 791 2487 materiam
806 2452 851 2484 ut
867 2453 1128 2499 generentur
1145 2440 1249 2503 lapis
1279 2448 1322 2491 δι
1342 2438 1511 2490 metalla
1539 2437 1608 2495 ju-

170 2511 240 2545 xta
256 2513 401 2549 eorum
417 2501 759 2568 proportionem,
791 2500 1150 2565 quemadmodum
1174 2507 1235 2553 est
1258 2504 1304 2554 in
1329 2502 1492 2554 semine
1521 2500 1613 2548 ani-

943 2567 987 2613 G
1472 2565 1612 2621 malis,
