1967 2833
256 99 408 197 362‘
769 100 978 181 Sexta
1016 97 1408 219 Descriptio

256 230 472 279 crucibulo
490 229 654 280 unciam
671 247 794 281 unam
813 233 941 290 iniust,
969 233 1085 295 quod
1118 232 1199 283 erit
1229 237 1379 291 fusum,
1405 240 1448 284 &
1479 230 1568 280 vice
1594 231 1716 293 ipsius

259 293 680 356 suppeditandolunae
705 295 868 344 unicam
897 298 1079 354 unciam,
1107 313 1152 343 ut
1187 296 1401 353 fundatur,
1448 297 1541 359 post
1571 295 1714 358 lique·-

263 358 370 405 saffii
389 356 637 406 immittatur
655 359 806 406 lacerta
818 358 1021 416 rubea‚ac
1033 359 1333 423 subsequenter
1363 359 1484 409 uiifur
1510 373 1717 422 praepara-

263 434 370 477 tum,
403 435 503 465 mox
520 421 737 483 operiatur
751 438 837 478 νας,
860 429 899 469 ὅ(
918 421 976 470 ita
992 424 1152 484 singula
1168 423 1360 484 vigesima
1376 439 1521 484 quarta
1534 423 1633 469 hora
1647 436 1716 468 re-

265 482 499 546 integratur
518 483 725 544 ordo‘ipse
741 489 862 548 usque
896 485 950 535 ad
982 486 1216 542 infinitum,
1248 484 1335 531 duo
1352 500 1499 535 tamen
1530 484 1719 532 animad-

265 560 432 593 vertere
447 562 606 607 aequum
623 547 720 607 erit,
736 565 868 595 unum
884 548 1081 596 videlicet
1099 565 1215 613 puta,
1243 564 1301 595 ne
1336 564 1464 596 unum
1481 562 1718 609 antepona-

267 623 331 655 trr
349 608 440 655 aliis
462 629 472 656 :
498 625 641 658 verum
656 625 895 670 exequatur
938 628 1091 659 norma
1121 616 1238 674 supr-a
1265 609 1462 672 assignata
1480 632 1503 668 ;-
1543 616 1719 660 alterum

265 674 339 728 est,
354 671 550 733 virgulam
566 677 741 720 ferream
759 673 992 723 immittere
1007 676 1053 722 in
1085 674 1357 730 crucibulum‚
1389 689 1469 734 qua
1501 679 1736 736 frangatur*

268 734 446 782 cuticula
461 735 575 790 dura,
588 752 677 797 quae
691 738 831 786 evenit
845 754 897 785 ex
912 738 1136 786 metallicis
1170 738 1220 786 ad
1236 737 1359 785 instar
1378 742 1534 794 crullae,
1560 737 1717 783 idcirco

269 811 436 856 quater,
454 806 496 848 δι
514 799 649 846 sexies
664 799 690 844 si
709 815 816 864 opus
828 802 909 848 etit
926 802 1035 851 inter
1051 802 1179 857 diem,
1198 809 1242 851 &
1260 801 1442 847 nofilem
1456 801 1616 861 singula
1642 799 1713 846 die

267 863 485 921 frangatur
498 865 640 918 crusta,
654 861 808 924 virgula
822 869 978 923 ferrea,
994 880 1039 912 ut
1052 865 1272 927 liquescat,
1305 870 1348 911 &
1379 861 1719 918 commisceatur,

271 939 369 972 nam
384 925 443 970 ita
456 924 532 973 fiet
548 926 663 985 quta
680 940 845 975 vorum.

614 1120 696 1205 C
724 1126 805 1205 A
829 1128 914 1210 P.
960 1065 1362 1212 XLVnt.

278 1232 644 1320 Medicina
653 1238 1014 1351 spagirica,
1067 1256 1165 1331 (φ
1189 1243 1540 1325 communis
1587 1261 1738 1321 tam-v

377 1350 693 1462 metallis,
716 1382 910 1464 quam
935 1352 1663 1470 corporibushqmanist

368 1485 559 1547 Apulum
575 1490 844 1547 metallicum,
867 1508 994 1553 quem
1009 1491 1254 1547 {nominant
1286 1507 1437 1554 aquam
1452 1506 1537 1539 con
1539 1491 1732 1549 jelatam‚

389 1556 428 1595 δι
451 1565 598 1611 aquarn
617 1553 779 1609 liccam,
795 1570 915 1603 more
930 1554 1084 1613 Gebri,
1110 1555 1312 1617 ingerunt
1342 1555 1431 1601 olla
1459 1553 1652 1616 figulina,
1679 1561 1725 1604 δι

278 1613 454 1663 vulcano
485 1629 651 1675 urgent,
676 1615 897 1678 flagrantis
921 1619 1088 1666 muricis
1118 1620 1284 1668 vultum
1317 1632 1437 1673 extra
1474 1619 1729 1680 producere,

281 1691 411 1738 quem
425 1677 542 1727 intus
559 1679 779 1727 occultum
795 1679 962 1739 habeat,
989 1696 1192 1743 praeterea
1207 1683 1420 1737 Leonem,
1447 1696 1533 1742 prae
1556 1682 1649 1728 aeflu
1661 1695 1732 1728 ru-

279 1737 423 1794 beum,
439 1739 538 1787 inde
554 1742 750 1791 molitum
765 1748 884 1793 leuto
902 1746 1109 1806 ingerunt,
1141 1753 1184 1795 &
1203 1749 1336 1793 rursus
1353 1745 1532 1792 vulcano
1553 1743 1730 1806 gradua-

279 1816 330 1850 ιο
375 1817 582 1867 torquent
627 1810 817 1867 quosque
859 1810 1103 1870 sanguinem
1128 1844 1144 1865 ,
1203 1814 1244 1855 &
1290 1807 1482 1869 spiritum
1514 1808 1564 1855 ad
1615 1807 1730 1856 invi-

277 1881 371 1912 cem
399 1866 572 1914 exsudet
600 1883 754 1933 corpus
787 1887 833 1918 in
850 1872 1058 1933 liquorem
1077 1887 1210 1920 unum
1237 1872 1497 1933 praetiosum,
1531 1878 1575 1921 &
1593 1868 1730 1917 maxi-

275 1943 355 1976 mae
415 1928 611 1978 efficaciae
673 1933 992 1982 custodiendum
1057 1933 1253 1983 deorsum
1309 1934 1355 1982 in
1416 1934 1606 1983 thalamo
1665 1933 1729 1983 vi-

280 2006 380 2040 treo
405 1996 542 2041 clauso
567 2010 627 2041 ne
653 1996 818 2045 difflet:
865 1997 1093 2059 Reliquum
1137 1996 1328 2060 corporis
1357 1999 1402 2046 in
1432 1997 1617 2046 cinerem
1666 2012 1731 2047 ru·

279 2053 398 2102 brum
415 2057 516 2104 verli
530 2056 768 2106 immittitur
803 2060 849 2108 in
881 2061 1101 2125 lympham
1134 2077 1422 2117 communem,
1473 2067 1514 2108 δι
1548 2059 1734 2118 dulcem,

280 2119 643 2176 quemadmodum
660 2122 819 2179 docuit,
833 2124 1077 2184 Aristoteles
1096 2123 1170 2173 lib.
1191 2143 1233 2174 2.
1267 2124 1587 2173 Metheororum
1598 2124 1737 2185 desa--

281 2185 460 2239 lemn,
477 2180 550 2229 ubi
568 2182 781 2235 ablutione
797 2188 992 2245 calcium,
1038 2197 1083 2238 &
1118 2188 1311 2236 cinerum
1342 2185 1635 2235 combustione
1663 2191 1725 2236 se·

283 2244 431 2302 J'unRa
449 2246 700 2295 humiditate
713 2252 769 2296 sal
784 2251 954 2299 existit:
983 2266 1261 2300 veruntamen
1278 2266 1321 2298 ut
1339 2245 1555 2312 res'magis
1570 2264 1730 2311 pateat,

281 2306 576 2358 descendemus
591 2309 641 2358 ad
652 2313 793 2361 aetum
807 2315 1137 2373 exercitationis,
1151 2330 1242 2375 quae
1257 2314 1304 2362 in
1320 2314 1402 2378 ipsa
1418 2315 1596 2363 fflione
1614 2328 1723 2362 con-

284 2371 382 2420 sistit
400 2390 411 2417 ε
430 2373 663 2422 Colcothar
680 2376 838 2438 itaque,
867 2392 1039 2426 terram·
1056 2378 1338 2426 damascenam
1367 2379 1587 2433 aemulanS,
1614 2375 1732 2426 indaa

287 2435 413 2485 turin
429 2440 628 2485 matulam
647 2439 820 2488 vitream
835 2441 966 2504 ampli
997 2441 1085 2488 oris
1111 2456 1194 2488 una
1211 2457 1304 2489 cum
1318 2440 1490 2504 lympha
1513 2438 1733 2498 stillatitia,

286 2512 335 2546 ut
351 2498 439 2561 igni
452 2499 503 2549 ad
521 2500 700 2552 invicem
712 2504 993 2564 ferveant‚fiet
1007 2505 1123 2554 enim
1138 2503 1454 2569 lixivium,qu0d
1467 2503 1738 2566 frigefafflm

1656 2581 1731 2613 ex-
