1967 2833
352 94 474 173 66·
749 78 1008 160 Prima
1025 67 1395 192 Descriptio

351 206 491 273 lapide
505 205 692 256 minetali
709 223 719 252 ε
751 205 859 254 hanc
888 204 987 255 vero
1015 218 1165 266 aquam
1196 205 1525 252 atramentosam
1556 204 1636 255 five
1665 208 1803 256 Atra-

352 285 603 329 mentorum
630 268 851 318 substantia
875 268 1058 317 dicamus
1105 266 1305 315 imbutam
1333 267 1564 331 appellavit
1593 271 1803 335 Agricola

353 339 518 383 succum
533 333 605 395 qui
622 332 723 382 inde
739 332 832 382 fluit.
848 340 893 383 δε
908 330 1102 394 percolat
1121 345 1198 394 per
1210 329 1425 379 cuniculos
1438 345 1560 379 terrae
1576 337 1712 382 secum
1727 336 1804 383 du⁴=

352 414 455 446 cens
471 411 805 448 atramentorum
821 408 1010 444 tamenta
1025 394 1073 442 in
1086 392 1276 442 eundem
1293 393 1505 456 liquorem
1533 411 1709 458 aqueum
1737 405 1804 447 so·

351 463 436 511 luta
452 462 578 510 inflat
596 463 717 519 succi,
753 458 827 523 qui
838 457 1011 506 demum
1028 458 1054 505 ὲ
1069 459 1206 507 calore
1222 457 1399 506 naturali
1411 457 1458 504 in
1475 458 1638 508 mineta
1652 461 1804 510 diffuso

350 526 458 573 deco
492 527 602 575 uitur
620 533 665 576 &
679 521 911 586 inspissatur
925 521 971 569 in
986 518 1158 584 glebam
1174 520 1396 570 atramenti
1412 522 1627 572 metallici.
1666 526 1803 585 Qod

349 587 404 635 ab
419 604 442 635 e
480 590 580 637 cetu
595 587 837 636 nominavit
856 583 1069 650 Agricola
1082 583 1279 647 Pyritem
1292 589 1460 634 erosum
1476 585 1565 633 fine
1592 586 1802 649 dipthon-

350 666 409 712 go
427 672 440 708 3
474 668 577 700 nam
594 651 709 713 prins
721 649 909 699 etoditur
926 647 977 697 ab
991 663 1092 709 aqua
1105 649 1170 710 Py
1180 646 1270 696 ritis
1282 644 1501 696 substantia
1518 657 1802 701 atramentosa

350 731 398 761 ac
414 714 568 764 iterum
581 715 608 770 ὲ
621 715 764 763 calore
783 711 980 760 minerali
994 713 1238 774 coagulatur
1256 725 1377 759 :non
1391 710 1539 761 desunt
1569 726 1714 764 tamen
1728 719 1803 778 qui

285 799 290 801 -
349 780 459 827 male
476 778 810 841 interpretantes
825 778 1035 840 Agricola
1050 773 1308 824 sententiam
1337 774 1619 826 existimarunt
1645 779 1823 843 vocass'e,

347 841 541 904 Pyritem
553 843 721 890 erosum
736 839 791 887 ab
804 855 882 888 aere
899 852 1116 888 contento
1132 838 1179 887 in
1193 837 1339 901 Pyrite
1353 837 1468 901 quod
1481 840 1708 900 plurimum
1733 845 1802 902 fit,

345 904 521 954 fortaffe
538 904 656 953 ducti
670 904 921 954 auotoritate
937 901 1086 963 Pli‘m'i,
1117 901 1192 965 qui
1204 902 1398 964 Pyr-item
1410 902 1497 949 aeris
1511 903 1701 955 fertilem
1730 923 1803 969 ap.

292 1007 296 1010 .
346 967 520 1028 pellavit
536 968 760 1024 Cadmiam
773 969 942 1015 aerosam
959 973 1003 1016 ὃ(
1022 965 1209 1026 lapidem
1231 969 1404 1013 aerosum
1434 981 1530 1014 cum
1557 965 1801 1032 dipthongo
1855 1025 1858 1027 ‚

348 1045 393 1077 ut
410 1029 713 1080 demonstra-ret
729 1029 830 1077 elici
856 1044 910 1077 aes
925 1030 952 1076 a
967 1027 1130 1091 Pyrite.
1167 1033 1470 1078 Veruntamen
1487 1027 1552 1075 hic
1564 1031 1660 1078 satis
1679 1031 1801 1080 distat

346 1093 374 1139 ὲ
388 1093 537 1154 Pyrite
552 1097 677 1144 eroso
695 1093 904 1158 Agricola
919 1090 1280 1155 quemadmodum
1296 1089 1526 1154 probatum
1542 1093 1639 1151 fuir5
1658 1098 1800 1160 cap.de

345 1157 528 1204 Cadmia
545 1174 556 1202 ε
575 1171 644 1204 aut
657 1155 829 1219 decepti
843 1161 939 1204 sunt
953 1153 1007 1203 ab
1021 1155 1157 1216 aliqua
1173 1154 1474 1203 conformitate
1491 1157 1602 1203 vocis
1617 1158 1697 1208 five
1714 1176 1801 1207 no=

346 1219 478 1267 minis
493 1220 602 1267 erofi
619 1234 766 1283 parum
793 1219 1066 1281 respicientes
1094 1218 1269 1266 modum
1298 1216 1508 1267 scribendi
1538 1222 1625 1268 re&
1634 1237 1703 1268 um
1727 1227 1801 1285 qui

347 1282 646 1345 orthographia
661 1283 875 1344 perficitur
882 1301 895 1338 ;
909 1283 1147 1342 eademque
1164 1281 1337 1328 scientia
1351 1281 1481 1329 multa
1494 1282 1801 1346 distinguuntur

345 1347 551 1406 aequivoca
568 1365 580 1393 ε
607 1345 677 1394 sed
692 1361 748 1393 eo
766 1344 904 1394 minus
919 1344 1187 1393 animadverfi
1204 1347 1296 1392 sunt
1313 1346 1471 1393 sensum
1486 1344 1708 1396 verborum
1726 1353 1797 1399 A-

338 1407 525 1473 gricolae,
557 1408 629 1472 qui
659 1423 879 1470 nunquam
907 1410 1071 1456 erosum
1096 1407 1348 1469 nuncupavit
1377 1409 1565 1472 Pyritem
1593 1411 1667 1458 nifi
1681 1417 1797 1473 post-

342 1487 471 1532 quam
488 1469 933 1522 atramentimetallici
948 1469 1170 1519 substantia
1183 1471 1231 1517 fit
1246 1473 1271 1519 ὲ
1287 1470 1434 1536 Pyrite
1464 1475 1599 1530 erosa,
1638 1481 1703 1526 vel
1720 1476 1794 1524 ab·

346 1538 430 1582 rasa
441 1533 548 1582 dicat
555 1549 618 1592 ur,
648 1550 730 1599 pro
746 1533 898 1594 majori
911 1533 1216 1595 intelligentia,
1235 1542 1278 1585 δι
1297 1536 1429 1582 soluta
1442 1550 1520 1597 per
1536 1551 1684 1598 aquam
1697 1540 1795 1603 plu-⁷

344 1595 469 1646 viam.
533 1599 724 1646 Demum
738 1598 765 1643 ὲ
782 1612 931 1646 natura
945 1594 1149 1658 inspiffata
1175 1597 1219 1646 in
1248 1595 1418 1659 glebam
1446 1600 1670 1654 atramenti
1700 1619 1794 1651 me-

345 1660 480 1709 tallici
496 1659 609 1723 quod
625 1659 865 1709 distinaum
877 1663 935 1709 est
949 1659 992 1708 in
1008 1660 1418 1719 Mismchalcitim,
1436 1670 1479 1712 &
1494 1663 1631 1710 Sorim
1651 1684 1662 1711 ε
1693 1669 1793 1715 Haec

344 1721 390 1769 in
407 1721 578 1786 glebam
597 1722 803 1772 redaetaa
818 1739 962 1772 natura
975 1723 1200 1786 appellavit
1231 1723 1442 1790 Agricola
1472 1726 1663 1788 Pyritem
1693 1744 1793 1777 ero-

343 1790 433 1835 sum
448 1804 496 1833 cu
497 1787 563 1846 jus
578 1785 726 1836 Gleba
737 1787 765 1834 fi
780 1790 914 1835 rursus
929 1786 1127 1834 eradatur
1144 1787 1170 1834 a
1200 1786 1340 1848 pluvia
1368 1786 1469 1836 inde
1495 1804 1624 1851 prout
1648 1807 1792 1844 natura

340 1849 559 1901 consuevit
575 1865 652 1913 per
664 1863 786 1900 terrae
801 1849 988 1898 cubicula
1005 1865 1052 1896 ac
1063 1864 1137 1912 per
1164 1852 1258 1909 ejus
1287 1864 1409 1899 antra
1431 1853 1624 1914 percolat
1651 1853 1790 1920 ibique

343 1911 390 1960 in
405 1912 715 1962 Chalcanthum
726 1913 1022 1969 concrescit,ut
1040 1911 1201 1962 asseruit
1231 1917 1410 1963 Galenm
1439 1916 1553 1974 loc0,
1585 1932 1629 1966 ut
1661 1923 1795 1982 supra,
1839 1916 1843 1920 ’

340 1974 620 2038 quamobrem
649 1992 766 2040 aeque
781 1976 955 2037 ‚placuit
989 1976 1165 2042 Georgia
1194 1977 1404 2042 Agricolae
1418 1979 1608 2043 Pyritem
1625 1987 1790 2032 erosum

338 2038 423 2148 {ise
437 2053 666 2102 parentem
686 2047 727 2090 &c
746 2039 1003 2108 elli-’olorem
1015 2040 1253 2108 chalcanthi
1279 2041 1362 2093 five
1394 2044 1620 2096 atramenti
1647 2046 1790 2096 sutorii

369 2117 470 2154 ms·

1630 2426 1674 2474 C
1685 2429 1786 2479 ΛΡ.
