1967 2833
270 90 429 182 {86
686 71 932 171 ‘Tertia
948 80 1344 206 Descriptio

701 370 893 459 CA
921 375 1011 458 P.
1107 374 1333 460 XII.

350 499 474 583 Ex
523 498 834 585 Vitrioh'.
876 502 1346 616 ‘Proprietater
1368 498 1658 619 ferrun}

451 638 893 697 commutatur
924 619 999 697 in
1028 615 1197 713 AES,
1269 629 1366 709 (φ
1386 643 1546 731 qu05

689 729 872 811 modo
898 728 1014 812 hoc
1042 726 1234 839 fiat?
1421 734 1423 736 ’

270 908 411 1023 JAm
425 905 614 967 pluribus
632 906 679 953 in
696 906 801 954 locis
814 905 938 964 hujus
953 906 1095 967 operis
1115 904 1449 955 demonstratum
1469 907 1548 956 fuit
1561 908 1730 959 Virrio-

328 972 431 1025 lum,
463 971 544 1019 five
560 985 842 1017 atramentum
856 970 1064 1017 Sutorium
1078 969 1238 1017 dicatur
1254 969 1346 1016 salis
1361 969 1565 1020 metallici
1592 988 1730 1034 genus
1773 992 1777 993 ⁷

274 1030 359 1080 effe
374 1032 421 1080 in
437 1033 637 1082 exteriori
651 1048 770 1096 parre
786 1032 908 1080 unius
924 1033 1071 1080 colore
1089 1033 1273 1081 existens
1288 1032 1514 1095 quoddam,
1548 1042 1592 1085 &
1618 1037 1729 1084 alte-

278 1094 361 1143 rius
375 1097 533 1145 coloris
547 1096 671 1155 aliud,
704 1111 796 1144 tum
811 1097 945 1144 etiam
961 1095 1120 1145 diversa
1136 1095 1255 1154 juxta
1283 1095 1535 1155 qualitatem
1567 1100 1730 1148 metalli

275 1157 543 1208 exuberantis
559 1159 605 1207 in
625 1159 717 1220 ipso
729 1159 936 1208 Vitriolo:
951 1173 1018 1206 tot
1035 1157 1155 1206 enim
1170 1162 1266 1206 sunt
1281 1158 1465 1208 Vitrioli
1476 1156 1730 1210 differentiae

274 1236 385 1283 quot
398 1226 490 1271 sunt
508 1222 807 1281 metalla,licet
832 1223 948 1270 mista
963 1220 1012 1268 ad
1027 1219 1211 1271 invicem
1223 1221 1487 1286 reperiantur
1510 1224 1731 1275 nihilomi-

274 1300 374 1343 nus,
401 1300 447 1332 ut
466 1286 696 1348 plurimum
712 1284 908 1347 saphirini
920 1284 1080 1331 coloris
1096 1287 1155 1332 est
1171 1300 1240 1333 aut
1258 1284 1398 1335 viridis
1416 1303 1428 1330 :
1456 1288 1620 1336 etenim
1632 1302 1731 1336 om-

273 1348 399 1403 nium
411 1349 544 1412 magis
560 1348 866 1411 superabundat
878 1363 931 1396 aes
947 1347 993 1396 in
1026 1347 1237 1407 Vitriolo,
1267 1347 1553 1411 quamobrem
1581 1350 1733 1399 conse·

273 1412 415 1472 quitur
430 1411 476 1460 in
492 1416 666 1462 occulto
681 1411 917 1461 Vitriolum
930 1409 1147 1460 continere
1181 1412 1369 1459 colorem
1399 1411 1502 1458 aeris'
1523 1412 1731 1468 rubeum
1805 1436 1815 1446 ·-

273 1475 334 1523 ita
347 1476 463 1538 quod
479 1476 717 1524 Vitriolum
733 1476 1019 1537 quodcunque
1039 1474 1086 1522 in
1099 1473 1316 1523 adustione
1343 1474 1393 1521 fit
1414 1472 1605 1532 rubeum,
1634 1492 1731 1525 narn

275 1539 377 1588 talis
392 1540 452 1586 est
465 1539 589 1588 color
601 1539 691 1587 aeris
719 1538 834 1600 quod
859 1537 1106 1600 Philosophi
1135 1538 1396 1599 appellarunt
1412 1540 1650 1596 Venerem,
1685 1548 1730 1591 &

278 1601 359 1648 hoc
375 1606 405 1656 ῼ
422 1601 682 1659 εὴεῐεᾶετετ,
698 1603 796 1650 viz.
813 1600 1000 1649 Veneris
1028 1601 1264 1651 indicarunt
1280 1616 1351 1657 aes,
1379 1600 1494 1660 quod
1527 1602 1731 1650 inclusum

277 1663 326 1711 in
356 1665 536 1715 occultis
567 1665 747 1714 Vitrioli
774 1664 998 1713 visceribus
1031 1662 1297 1720 continetur,
1328 1664 1447 1721 cujus
1481 1666 1734 1713 contanstum

277 1729 398 1775 Mars
412 1729 535 1775 illico
551 1728 866 1791 compleffirur,
897 1735 942 1780 &
961 1729 1006 1775 in
1024 1732 1245 1775 Venerem
1261 1726 1346 1774 cito
1373 1730 1637 1776 convertitur
1662 1743 1736 1788 per

280 1789 393 1837 hunc
409 1793 538 1841 salem
551 1790 714 1841 dierum
744 1789 983 1840 Virriolum
999 1790 1165 1852 vulgare
1194 1809 1210 1833 .·
1240 1789 1505 1851 appellarunt
1534 1790 1735 1839 stillicidi-

282 1869 352 1901 um
369 1854 554 1902 Veneris
569 1868 698 1917 atque
708 1869 921 1915 grimmam
935 1855 1066 1917 cupri,
1093 1868 1172 1915 pro
1188 1856 1330 1900 Marte
1348 1866 1488 1901 autem
1503 1853 1734 1902 intellexe-

278 1931 378 1965 runt
394 1920 570 1969 ferrum,
583 1920 688 1965 teste
708 1915 858 1979 Joanne
870 1917 919 1963 de
935 1915 1184 1980 Rupefczffa,
1197 1915 1272 1963 lib.
1290 1915 1339 1961 de
1354 1915 1517 1980 Qinta
1533 1916 1729 1979 Εβέκῑιά,

280 1994 374 2044 cap.
393 1996 467 2041 13.
483 1980 530 2028 in
545 1995 633 2044 quo
647 1980 788 2029 caeteri
803 1994 1098 2029 convenerunt
1114 1977 1365 2040 Philosophi
1383 1997 1395 2023 :
1426 1978 1554 2027 unde
1584 1982 1733 2028 Poetae

280 2047 416 2093 msam
433 2044 699 2105 arripuerunt
715 2042 771 2091 de
800 2058 943 2091 amore
957 2042 1107 2089 Martis
1129 2051 1174 2094 &
1190 2040 1376 2090 Veneris
1391 2041 1610 2101 scribendi,
1623 2058 1732 2106 quo-

280 2120 377 2153 rum
390 2110 533 2168 proles
545 2111 605 2156 est
621 2106 797 2169 Cupido
811 2108 933 2154 Deus
947 2119 1154 2164 amorum,
1188 2104 1254 2151 hic
1269 2107 1328 2154 est
1342 2119 1517 2168 magnus
1533 2105 1608 2155 ille
1622 2122 1732 2153 con-

285 2169 444 2226 sensus,
477 2178 522 2221 &
539 2169 766 2232 spmpatlaia
782 2170 893 2217 inter
904 2170 1140 2225 Venerem,
1159 2175 1198 2215 δε
1217 2169 1422 2225 Martem,
1434 2182 1540 2231 quos
1554 2168 1599 2216 in
1613 2167 1732 2216 adul-

285 2232 398 2279 terio
408 2232 695 2294 deprehensos
708 2233 924 2281 Vulcanus
936 2228 1199 2280 subtiliffimo
1212 2228 1480 2293 invisibilique
1502 2245 1589 2278 rete
1606 2232 1734 2282 colli-

286 2295 427 2343 eavit:
455 2296 582 2346 fietus
604 2310 746 2345 autern
760 2296 839 2343 fuit
857 2294 1074 2343 Vulcanus
1092 2294 1145 2341 ab
1160 2292 1342 2354 antiquis
1356 2296 1478 2342 Deus
1503 2293 1630 2355 ignis,
1660 2297 1733 2357 qui

284 2333 392 2425 jovi
403 2358 597 2418 fulmina,
626 2367 669 2409 δι
689 2359 779 2406 aliis
803 2357 901 2406 Diis
917 2372 1026 2405 arma
1041 2356 1222 2407 adversus
1239 2355 1448 2417 Gigantes
1475 2356 1688 2407 fabricavit
1718 2377 1733 2407 ε

279 2417 449 2468 'idcirco
463 2419 603 2472 habita
619 2422 700 2471 fuit
714 2419 988 2483 experientia,
1017 2420 1134 2483 quod
1146 2435 1231 2484 ope
1247 2418 1431 2467 Vulcani
1443 2434 1604 2481 nempe
1618 2419 1731 2482 ignis

283 2484 443 2537 fertum
457 2483 499 2535 in
515 2501 568 2537 aes
581 2484 815 2549 optimum,
840 2482 886 2536 in
913 2481 1109 2549 Vitriolo
1136 2496 1410 2541 contentum,
1441 2481 1665 2544 colligatur
1681 2491 1726 2532 δε

1443 2559 1729 2598 commutatur
