1967 2833
590 119 672 203 de
693 111 896 203 Oleo
920 113 1242 203 Vitrioli.
1511 122 1648 212 -5zr'

189 262 317 321 horis,
341 256 442 311 iiam
457 251 640 309 iuhefiet
658 251 990 319 acetum‚“qu0d
1020 252 1174 311 sensim
1188 263 1425 308 evacuetur,
1456 262 1503 295 ac
1519 248 1639 301 fimo

188 327 413 378 excoletur
430 343 443 372 ε
475 326 609 371 rursus
620 336 721 372 vero
737 336 896 371 novum
911 317 1136 372 affundunt
1150 315 1260 366 aliud
1275 328 1443 363 acetum
1469 311 1637 361 stillati-

189 394 300 441 tium
316 392 436 453 super
448 392 587 444 faeceS,
618 389 782 435 servato
796 385 944 433 ordine
959 385 1114 445 primO,
1147 391 1192 433 δε
1209 375 1563 443 perseverandum
1577 378 1639 425 est

187 455 269 503 hoc
283 488 300 510 ‚
328 452 467 501 donec
506 450 687 512 amplius
715 465 832 500 aceta
859 448 984 497 nullo
998 447 1238 496 inficiantur
1267 442 1419 490 colore
1441 439 1637 488 colorata

186 532 289 570 vero
314 532 401 579 quae
414 514 498 565 sint
515 514 703 572 metalla,
719 527 786 562 aut
802 512 898 569 alia,
928 510 1070 573 quavis
1103 507 1249 557 boccia
1280 505 1555 567 excipiantur,
1590 510 1638 554 δε

185 582 421 641 diplomate
465 576 661 627 distillare
709 591 914 639 cogantur
941 577 985 622 in
999 572 1170 635 aliquod
1196 586 1265 622 vas
1277 568 1485 630 recipiens
1504 584 1520 613 .·
1539 566 1639 616 sub-

186 642 293 692 fidet
310 643 423 693 enim
436 642 630 690 tineturae
646 640 824 690 Vitrioli
838 637 1013 689 essentia
1024 639 1069 685 in
1085 635 1401 685 consistentiam
1418 630 1642 685 mellitam,

186 717 279 768 quae
297 720 398 752 mox
411 704 500 766 igni
517 704 706 752 cinerum
728 705 812 753 leni
841 698 1093 751 exiccabitur
1110 719 1124 743 .·
1155 697 1310 746 idcirco
1335 698 1467 760 ipsam
1498 694 1524 740 ὲ
1547 694 1638 741 vase

174 768 409 819 extrahere
425 767 616 833 expedit,
637 777 682 818 ὅ(
699 771 818 833 super
832 766 1016 815 tabulam
1033 776 1304 812 marmoream
1320 758 1491 813 molire,
1502 771 1548 803 ac
1562 755 1641 804 de-

186 848 299 880 mum
314 832 496 889 cellaria,
507 834 577 880 vel
592 831 674 880 alio
689 832 792 879 loco
809 829 982 893 frigido,
1019 833 1058 874 &
1079 824 1250 875 humido
1267 824 1487 877 omittere,
1502 816 1641 882 quoad

188 897 368 945 solvatur
384 895 431 942 in
445 897 603 952 oleum,
640 894 758 958 quod
773 894 903 942 fixum
919 890 1151 954 appellant,
1182 902 1280 936 nam
1307 887 1339 933 fi-
1368 899 1484 948 gutta
1512 882 1638 946 ipsius

187 957 431 1007 affundatut
444 958 490 1006 in
506 957 718 1020 cyathum,
749 973 864 1020 aquae
893 971 985 1003 non
1003 953 1243 1002 admiscetur
1273 952 1315 996 ei
1341 948 1431 995 imo
1460 943 1639 993 fundum

187 1020 317 1085 petit,
350 1033 493 1082 neque
508 1021 683 1083 amplius
697 1021 925 1069 concrescit
952 1016 1072 1080 igni:
1096 1012 1375 1078 quamobrem
1402 1011 1483 1059 hoc
1508 1007 1559 1055 ad
1585 1007 1637 1054 si·

189 1083 289 1132 dera
301 1087 516 1133 extollunt
530 1099 611 1147 pro
625 1083 822 1133 tineturis
837 1080 1079 1132 metallicis.

250 1146 392 1195 Aliter
419 1149 551 1198 ustum
568 1146 857 1195 chalcanthum
872 1181 887 1203 ,
924 1151 966 1196 &
999 1147 1133 1192 tusum
1160 1139 1361 1189 claudunt
1388 1137 1435 1185 in
1461 1136 1639 1187 veficam

180 1211 364 1260 vitream
381 1226 463 1258 una
478 1226 575 1260 cum
590 1210 735 1273 spiritu
750 1226 860 1273 aquae
874 1210 967 1259 vitae
994 1209 1222 1270 superfus0‚
1258 1213 1300 1255 &
1330 1206 1459 1251 furno
1490 1202 1640 1248 locant

186 1287 274 1319 con
277 1272 511 1333 junctoque
529 1276 792 1336 receptaculo
808 1291 854 1323 ac
867 1271 1024 1333 stipatis
1051 1267 1260 1330 juncturis
1288 1264 1527 1315 accendunt
1555 1262 1639 1310 cir-

189 1349 439 1397 cunquaque
466 1337 612 1399 ignem
642 1336 765 1395 infra,
796 1350 972 1398 nempe,
1006 1342 1050 1385 δι
1078 1336 1210 1396 supra,
1237 1330 1381 1380 effluet
1407 1327 1522 1377 enim
1537 1340 1640 1390 aqua

189 1414 272 1446 una
288 1414 385 1447 cum
399 1400 503 1446 oleo
518 1397 650 1446 rubeo
665 1399 715 1449 ad
731 1402 849 1449 inflat
864 1397 1058 1461 sanginis.

167 1514 179 1523 ,
242 1463 359 1532 ‘Sunt
374 1461 446 1522 qui
459 1462 641 1510 irrorant
657 1462 947 1512 chalcanthum
963 1464 1111 1518 ustum,
1145 1465 1189 1510 δε
1205 1457 1348 1506 tritum
1374 1470 1469 1502 cum
1496 1450 1640 1514 spiritu

185 1540 300 1589 aquae
313 1539 420 1581 vitae,
436 1540 480 1573 ut
489 1526 706 1575 humescat
724 1542 824 1573 mox
841 1526 883 1574 in
895 1524 1080 1572 bocciam
1093 1537 1257 1572 curvam
1271 1518 1507 1568 immittunt
1522 1530 1638 1572 eum,

190 1604 241 1636 ac
257 1591 385 1637 furno
401 1604 497 1636 cum
513 1589 741 1651 recipienti
757 1590 1018 1638 constituunt
1035 1605 1047 1634 ε
1062 1586 1235 1637 demum
1248 1581 1474 1642 subjiciunt
1491 1579 1639 1640 ignem

188 1665 268 1722 per
279 1650 426 1712 gradus
443 1649 576 1700 tribus
588 1652 755 1711 diebus,
770 1652 921 1713 quibus
936 1652 1110 1715 penitus
1125 1664 1274 1698 omnes
1288 1646 1490 1694 desierint
1500 1641 1609 1691 'fumi
1626 1658 1639 1686 :

189 1714 253 1761 his
279 1728 385 1762 vero
409 1713 590 1774 peraffis
619 1715 791 1779 expedit
816 1715 1002 1771 seorsim,
1037 1728 1187 1777 aquam
1202 1711 1424 1762 distrahere
1439 1705 1638 1754 aboleotz

183 1775 305 1841 quod
320 1772 532 1847 assumitur
549 1792 653 1839 potu
667 1777 795 1827 mode
811 1777 1022 1840 sequenti.
1535 1803 1539 1807 ·

253 1841 444 1903 capiunt
458 1839 489 1903 J
496 1840 594 1902 ulep
609 1841 780 1890 Violati
793 1840 1003 1900 libramqac
1017 1840 1206 1889 totidem
1219 1852 1331 1900 aqua:
1348 1834 1439 1886 vitae
1453 1830 1640 1902 optimae‚

186 1919 302 1966 aquoe
318 1904 499 1951 rosarum
518 1904 660 1953 uncias
677 1919 782 1963 tre5‚
813 1906 972 1955 moschi
987 1919 1114 1968 grana
1129 1903 1251 1959 οᾶο,
1281 1902 1373 1952 olei
1394 1901 1423 1948 ἐ
1443 1894 1638 1946 Vitnolo

182 1964 429 2016 drachmam
459 1981 604 2021 unam,
637 1969 783 2017 omnia
810 1969 1089 2020 commiscent
1107 1967 1156 2015 ad
1170 1965 1355 2016 invicem
1369 1999 1384 2021 ,
1418 1960 1539 2018 hujus
1568 1973 1639 2005 ἕω·

190 2044 284 2078 tem
298 2029 615 2090 compositionis
629 2031 851 2081 exhibetur
868 2047 975 2095 potu
993 2031 1044 2082 ad
1058 2030 1188 2079 dofim
1215 2024 1436 2076 cochlearii
1450 2024 1641 2073 adversus
1714 2082 1716 2085 ἵ

190 2092 327 2143 febres
345 2092 555 2151 ardentes,
586 2097 800 2159 resrigerat
817 2096 946 2153 enim,
965 2103 1008 2147 &
1027 2097 1238 2153 restaurat,
1254 2089 1479 2155 sputamina
1494 2100 1641 2132 cruen-

185 2159 281 2205 ,tosa
295 2170 476 2214 coercet,
490 2156 767 2220 dysenteriam
782 2160 1023 2221 compescit,
1047 2166 1090 2209 δι
1109 2157 1340 2207 catharrum
1358 2151 1550 2201 absolvit,

255 2223 416 2268 Verum
432 2220 515 2291 231²
529 2224 785 2285 proponitnr
813 2224 1069 2285 compositio
1098 2221 1269 2280 majoris
1286 2215 1496 2272 efficaciae,
1524 2229 1571 2258 cu
1575 2212 1642 2271 jus

120 2324 123 2325 γ
186 2284 510 2353 -εκεεῑηΡΙμᾳχιτρ
528 2287 722 2348 sequitur.
790 2286 980 2350 Capiunt
993 2284 1163 2334 sacchari
1191 2283 1268 2333 fini
1292 2280 1418 2330 libras
1447 2292 1641 2341 quatuor,

189 2345 454 2417 Rhaponttq
463 2345 626 2406 libram,
658 2349 913 2398 Reubarbari
928 2349 1111 2404 unciam,
1144 2348 1301 2395 florum
1320 2345 1572 2394 mercuritlis
1588 2343 1641 2392 li-

192 2405 329 2465 bram,
361 2411 527 2473 spirltus
542 2426 657 2471 aquae
670 2413 761 2462 vitae
775 2411 897 2461 libras
913 2427 1110 2475 quatuor,
1137 2411 1328 2459 uniantur
1341 2412 1499 2463 omnia,
1526 2426 1570 2455 ac
1587 2407 1642 2454 fi-

192 2485 269 2542 mo
278 2487 545 2522 macerentur
564 2473 712 2523 diebus
727 2479 920 2533 sex‚m0x
936 2476 1091 2537 duplici
1108 2473 1399 2525 §ase-distinata
1418 2487 1641 2535 cogantur:

194 2537 398 2599 reliquum
408 2539 473 2585 est
486 2541 653 2588 torculo
665 2540 903 2603 exprimere
917 2545 1055 2589 faeces:
1073 2556 1119 2587 ac
1135 2540 1305 2588 seorsim
1322 2536 1475 2598 fingula
1491 2537 1637 2584 omnia

948 2608 991 2654 X
1009 2618 1035 2648 x
1052 2618 1079 2649 x
1510 2604 1646 2648 custo-
