1967 2833
522 63 1166 153 deOleoVi-trioli.
1443 78 1445 80 ’
1462 96 1611 181 405

145 202 299 263 learnt,
332 198 615 254 controversia
634 218 725 251 orta
741 217 795 251 ex
813 203 1037 253 nominum
1053 201 1287 253 diversitate
1307 216 1396 265 quae
1412 200 1610 252 homines

144 270 373 331 imperitos
388 267 520 317 efficit
540 265 734 328 sophistas
756 265 975 327 ambiguot¹
990 273 1032 316 δε
1062 265 1303 314 discordes:
1341 266 1529 329 alioquin
1545 268 1609 313 eis

143 332 412 393 contingeret
428 331 456 377 fi
476 332 500 377 a
516 328 637 377 rebus
656 344 749 377 non
764 329 1050 383 anominibus
1067 328 1235 376 initium
1254 327 1526 388 assumerent,
1559 345 1607 377 ut

143 395 285 443 docuit
304 398 497 449 Galenus,
526 392 599 440 lib.
623 410 694 455 14,
710 391 909 442 Method.
929 391 1148 449 Medendi}
1164 407 1304 454 capa.
1341 407 1604 456 quapropter

142 458 212 520 qui
229 463 315 506 vult
344 459 520 505 Naturae
537 458 694 504 secreta
709 456 856 503 exaere
875 454 1177 519 contemplari,
1205 454 1406 503 innitatur
1423 471 1487 504 res
1508 472 1603 504 tan·-

141 536 259 582 gere,
292 528 336 570 &
368 534 543 568 cernere
571 534 618 565 ut
647 518 798 568 melius
825 519 1063 580 intelligat,
1099 521 1203 566 teste
1235 522 1416 575 Galeno,
1444 518 1518 565 lib.
1549 520 1599 565 de

143 584 246 645 vsu
259 582 471 641 parcium:
506 580 717 630 attendite
744 581 864 643 igitur
895 583 1080 628 animum
1104 597 1148 629 ut
1163 581 1407 645 percipiatis
1425 581 1524 644 quid
1552 584 1602 629 sit

138 647 387 712 Alchymia,
405 645 566 694 omitto
598 660 737 692 tamen
766 644 1026 708 sophisticam
1052 644 1167 693 illam
1200 645 1623 706 vulgatamnothanv

139 709 447 760 inconstantem
465 717 507 759 &
527 707 799 756 adulterinam
814 707 1036 769 nugacibus
1050 707 1424 770 deceptoribusque
1444 708 1603 772 Alchy-

141 773 271 821 mistis
297 770 454 820 abusive
498 771 623 819 dietis
638 805 653 828 ‚
700 786 756 818 eo
786 771 928 834 potius
956 771 1214 832 appellandis
1244 770 1608 820 salamandrarum-

140 834 486 892 combustoribus,
515 833 586 896 qui
601 834 708 881 alios
724 833 856 883 ditare
887 838 1039 883 volunt
1053 850 1151 882 cum
1167 834 1242 897 ipsi
1274 835 1477 883 continuo
1506 846 1598 883 non

67 951 69 954 .
136 898 352 946 obscuram
373 914 520 960 gerant
533 901 776 959 egestatem,
811 912 895 959 ego
912 911 1055 944 aurem
1070 896 1182 960 quod
1199 897 1352 945 medici
1365 899 1619 955 est,tra&o‚.

137 965 343 1024 reliquum
360 963 404 1008 in
421 965 495 1007 suo
509 963 650 1008 valore
680 961 968 1022 relinquatur:
1002 961 1160 1023 loquor
1177 959 1316 1023 ¹igitur
1335 959 1387 1009 de
1400 960 1595 1022 legitima

135 1024 359 1089 Alchymia
374 1023 753 1086 Philosophicaque
772 1023 997 1080 medicina,
1029 1039 1118 1072 naec
1152 1025 1270 1082 juxta
1300 1028 1478 1072 Platonis
1499 1027 1597 1072 sen-

136 1090 323 1135 tentiam
337 1089 383 1135 in
399 1087 558 1135 Phedro
575 1087 782 1135 recenseri
796 1101 980 1135 meretur
1011 1087 1128 1135 inter
1158 1102 1330 1149 magnas
1348 1103 1453 1136 artes
1474 1096 1516 1137 δι
1531 1090 1595 1133 fa-

134 1152 313 1200 cultates
330 1166 504 1206 omneS,
535 1165 622 1210 quae
638 1149 849 1198 methodo
864 1152 1099 1199 uastantur
1124 1149 1503 1213 Philosophicaque
1522 1166 1593 1198 ac-

134 1215 365 1277 quiruntur,
392 1211 544 1276 quibus
565 1213 726 1260 asseruit
739 1213 903 1269 easdem
930 1214 1074 1276 perfici
1091 1212 1223 1277 posse,
1255 1212 1324 1260 ubi
1351 1213 1596 1278 exemplum

132 1279 271 1328 attulit
291 1278 344 1325 de
359 1276 558 1325 Oratoria
575 1283 614 1324 δι
635 1275 833 1325 Medica:
867 1291 1228 1326 connumerantur
1247 1292 1350 1326 vero
1365 1276 1593 1341 Alchymia

131 1342 404 1408 Spagyrica&
420 1339 644 1387 distillandi
657 1357 822 1398 ars,una
838 1341 961 1388 enim'
970 1341 1206 1402 adaequatur
1220 1340 1464 1397 alteri,⁴adeo
1479 1339 1595 1402 quod

131 1422 259 1455 unam
276 1421 360 1471 pro
387 1409 520 1454 altera
548 1407 744 1467 usurpant
773 1404 1027 1466 profestores
1055 1403 1262 1467 periti‘ob
1278 1405 1500 1453 maximam
1515 1420 1590 1452 ea-

130 1485 222 1517 rum
237 1467 583 1517 convenientiam
602 1469 778 1529 singula,
810 1468 923 1515 enim
940 1484 1080 1516 earum
1097 1467 1149 1515 ad
1165 1485 1295 1516 unum
1313 1482 1593 1517 communem

125 1530 262 1580 finem
276 1537 537 1596 operatur&
557 1532 611 1578 sic
623 1531 929 1592 cognationem
943 1532 1053 1580 inter
1068 1534 1110 1578 se
1126 1530 1283 1580 habent
1315 1532 1406 1593 ipsae
1424 1533 1467 1580 in
1481 1547 1589 1593 prae-

129 1596 322 1659 parandis
351 1595 698 1644 medicamentis:
735 1595 812 1641 etsi
837 1595 993 1658 placuit
1024 1595 1115 1643 aliis
1137 1594 1388 1657 distinguere
1419 1594 1609 1644 easdem‘

128 1661 345 1708 facultates
357 1674 433 1705 ceu
449 1655 706 1707 differentias
724 1657 874 1706 relatas
889 1659 1035 1721 generi
1066 1659 1248 1707 nominis
1264 1659 1499 1708 inventoris
1515 1673 1591 1717 eaq

130 1737 239 1780 rum,
272 1722 344 1783 qui
358 1722 435 1768 suit
455 1724 642 1768 Hermes
669 1721 903 1784 appellatus
918 1722 1173 1769 Mercurius
1192 1723 1487 1789 Trimegistm,
1502 1725 1586 1769 Sa·

126 1785 314 1850 piensque
330 1784 591 1850 <AEgrptim‚
630 1793 672 1834 &
691 1789 888 1835 Summus
914 1785 1177 1850 Philosophus
1206 1801 1328 1851 atque
1347 1787 1588 1833 Sacerdos-.-

129 1851 257 1912 aiquo
272 1841 604 1897 denominarunt
631 1849 798 1897 ειη-ἕλες
814 1851 934 1898 unico
951 1849 1132 1897 nomine
1146 1864 1274 1896 artem
1293 1849 1586 1897 Hermiticam

130 1912 484 1974 quemadmodum
502 1922 544 1964 &
564 1913 638 1961 alia
670 1912 710 1961 ei
726 1912 994 1960 inservientia
1012 1927 1137 1973 prout
1155 1929 1223 1959 vas
1243 1917 1455 1961 Hermetzis
1471 1913 1511 1959 id
1524 1916 1587 1959 est

119 1978 351 2025 *Pelicanus
369 1977 490 2024 Avis
509 1977 745 2032 Hermetz's,
759 1975 963 2041 Sigillum
981 1975 1199 2024 Hermetis
1218 1994 1231 2020 :
1269 1983 1310 2024 &
1349 1976 1458 2040 apud
1474 1981 1586 2024 Me·-

116 2040 236 2101 snem
265 2041 464 2102 leguntur
491 2042 631 2103 pilulae
653 2039 898 2098 Hermas,
934 2041 1043 2089 hiera
1074 2042 1316 2096 Annaeus,
1348 2049 1433 2091 &ct
1479 2041 1586 2088 hanc

124 2104 251 2164 igitur
268 2120 362 2152 cum
380 2103 471 2148 aliis
484 2104 637 2152 artibus
656 2102 892 2152 liberalibus
911 2103 1157 2163 insculptam
1175 2106 1219 2150 in
1235 2103 1388 2152 tabulis
1405 2107 1583 2165 smarag-

125 2167 238 2214 dinis
269 2164 480 2231 reperiisse
513 2172 756 2215 Hermetem
768 2171 861 2229 post
889 2167 1141 2222 Diln'vium,
1172 2166 1356 2214 creditur
1385 2166 1487 2215 inde
1511 2181 1584 2214 eas

118 2232 302 2294 posteris
317 2247 369 2278 ex
386 2229 595 2292 scripsisse,
627 2230 744 2290 hujus
760 2231 860 2282 vero
877 2231 979 2280 artis
1009 2246 1155 2280 arcana
1172 2230 1312 2292 figuris
1331 2231 1584 2278 :ic-misteriis

126 2292 363 2355 obsignavit
382 2295 482 2355 ipse,
496 2311 552 2342 ne
571 2298 614 2342 in
643 2300 788 2356 vulgus
818 2292 1141 2343 enunciarentur
1158 2310 1169 2337 :
1201 2293 1258 2340 ob
1278 2294 1318 2341 id
1337 2293 1583 2354 Philosophi

120 2358 387 2418 appellarunt
406 2358 508 2409 hanc
521 2357 779 2420 disciplinam
798 2357 1074 2407 herzneticam
1088 2358 1431 2406 acroacmaticam
1449 2371 1578 2417 atque

122 2419 414 2471 reconditam:
449 2427 508 2472 est
522 2423 639 2471 enim
653 2423 852 2471 omnium
880 2421 1146 2471 scientiarum
1162 2420 1485 2483 ingeniofiffima
1504 2436 1585 2482 pe·

125 2482 236 2535 utilis
265 2499 310 2532 ac
340 2485 760 2536 summe-neceflhriaz
792 2496 998 2552 praeterea
1029 2484 1320 2536 cuinamultis
1337 2483 1479 2534 seculis
1498 2485 1586 2594 jalm

1425 2563 1532 2596 extu
1549 2561 1617 2598 ta-
