1967 2833
365 93 443 174 de
467 92 754 176 Atram.
769 97 771 101 ’
788 85 1353 201 Δὶνεψσοῐοκίὂιιε.
1491 119 1633 203 341³

175 220 260 267 haec
278 218 361 267 duo
375 221 610 281 synonyma
637 215 986 266 communionem
999 214 1189 273 nominis
1202 214 1432 264 indicantia
1462 217 1619 264 consti·

173 298 298 330 ruunt
321 284 582 345 pigmentum
614 296 740 328 unum
772 279 924 327 coloris
938 277 1069 335 rubei,
1101 278 1334 340 sanguinei,
1363 277 1479 342 quod
1497 294 1620 327 voca·

174 361 272 394 runt
286 344 502 407 quandoq3
525 342 717 400 minium,
751 350 790 390 &
810 343 901 392 ullo
916 341 1141 390 discrimini
1155 341 1403 403 quandoque
1419 342 1621 392 cinnaba-

173 409 253 456 rim
267 408 526 470 appellarunt
543 406 674 464 idem,
689 421 924 470 quanquam
955 420 1008 452 ex
1027 403 1214 466 pluribus
1227 402 1479 452 differentiis
1505 407 1620 454 exti-

172 470 301 528 tisset,
331 487 426 518 cum
442 472 560 533 plura
590 470 716 518 etiam
746 471 829 516 sint
851 482 1010 530 genera
1037 468 1241 531 descripta
1270 467 1322 514 ab
1348 466 1408 513 eis
1424 466 1497 513 sub
1515 484 1622 527 uno,

174 548 243 580 aut
260 537 398 582 altero
413 535 603 591 nomine,
638 531 870 580 cinnabaris
898 531 1108 586 videlicet,
1141 546 1209 577 aut
1239 528 1385 581 minii:
1418 545 1623 592 utrunque

173 597 286 645 enim
303 600 361 644 est
377 611 619 658 cognatum,
652 596 766 658 quod
788 594 962 642 alterius
980 594 1112 644 vicem
1129 595 1258 655 gerit.
1328 590 1622 654 Qamobtem

171 659 453 721 consequitur,
486 673 613 721 atque
629 656 1128 721 plur?vocaintelligenda
1146 659 1249 714 effe,
1281 656 1531 720 quandoque
1546 654 1622 705 sub

172 723 329 771 eodem
343 722 549 770 nomine:
583 737 679 771 nam
697 721 883 784 pluribus
907 719 1057 768 eadem
1071 723 1129 768 est
1158 719 1397 782 appellatiO,
1420 735 1553 782 prout
1568 720 1622 766 fi-

171 785 459 842 militatione,
491 785 689 849 pleraque
720 782 931 846 possemus
959 782 1159 831 adducere
1176 784 1400 845 exempla3
1429 798 1621 831 attamen

172 847 385 897 brevitatis
416 848 547 909 gratia
573 851 632 895 sat
665 847 792 895 nobis
819 850 914 894 fore
944 845 1172 894 existimavi
1207 860 1452 907 proponere
1472 860 1621 894 exem·

169 913 287 972 plum
321 911 595 967 sandarachae,
626 927 714 974 quae
742 924 860 970 juxta
885 910 1130 958 Graecorum
1145 908 1435 957 intentionem
1450 911 1510 956 est
1542 908 1621 957 mi-

172 974 327 1021 neralis
354 975 679 1036 auripigmenti,
712 973 932 1020 arsenicive
963 970 1077 1020 rubei
1103 972 1288 1034 species3
1342 970 1474 1019 oritur
1502 972 1621 1019 enim

168 1053 267 1084 ‚cum
282 1038 395 1084 eoin
413 1036 592 1085 metallis
611 1041 711 1086 reste
738 1036 994 1095 Dioscorida,
1025 1034 1099 1082 lib.
1123 1055 1163 1097 5⁶
1195 1036 1244 1082 de
1256 1034 1516 1081 Medicinali
1527 1053 1619 1082 ma-

170 1099 293 1147 teria.
358 1100 534 1163 Aliaque
561 1114 916 1148 commemoratur
942 1098 1193 1148 Sandatacha
1218 1099 1243 1144 ὲ
1272 1096 1424 1149 Ρίίκιό,
1442 1098 1516 1146 lib.
1545 1115 1618 1158 35.

171 1178 260 1225 cap.
277 1168 322 1210 6.
355 1179 482 1225 quam
496 1163 762 1219 fa&itiain,&
780 1162 1051 1211 adulterinam
1067 1161 1148 1209 effe
1163 1160 1218 1209 ait
1236 1177 1287 1208 ex
1314 1160 1462 1209 ceruffa
1479 1162 1620 1216 costa,

175 1234 218 1276 &
237 1225 519 1274 inflamineum
537 1227 730 1273 colorem
757 1229 871 1274 versa
887 1242 980 1273 cum
998 1240 1112 1288 aequa
1130 1239 1249 1286 parte
1263 1222 1455 1271 Rubricae
1486 1240 1620 1285 quan-

174 1304 302 1350 quam
317 1288 543 1338 Vitruvius
561 1288 764 1346 docuerit,
776 1289 896 1349 lib.7.
930 1304 1018 1353 cap.
1041 1304 1111 1336 12:
1145 1287 1238 1336 fieri
1269 1287 1553 1335 sandaracham
1567 1301 1621 1333 ex

171 1350 327 1399 cerussa
342 1351 494 1416 absque
506 1349 661 1401 rubrica
673 1351 717 1400 in
732 1355 900 1399 fornace
917 1366 1059 1399 tamen
1073 1354 1172 1407 usta,
1204 1366 1249 1397 ut
1266 1349 1439 1405 asseruit,
1455 1354 1548 1398 Gal.
1570 1370 1616 1411 9.

171 1416 220 1463 de
236 1416 383 1478 Simpl.
398 1415 529 1462 Med.
539 1416 694 1477 facult,
725 1416 964 1476 Appellans
977 1430 1070 1463 eam
1087 1414 1377 1471 sandicum,aut
1397 1413 1617 1468 sandicem,

170 1494 216 1526 ut
231 1478 399 1541 plurimi
424 1479 591 1534 volunt,
607 1494 731 1540 quam
748 1478 914 1527 eAEtius
927 1493 1056 1540 atque
1070 1482 1227 1526 Paulus
1243 1477 1522 1524 nominarunt
1553 1481 1619 1524 se—

168 1557 280 1598 cum,
311 1542 442 1604 vulgo
457 1557 594 1590 autem
606 1542 870 1591 officinarum
887 1547 943 1590 est
960 1541 1140 1589 minium
1155 1540 1474 1589 rubicundiffimi
1493 1542 1618 1586 colo-

168 1603 241 1652 εἰς.
306 1609 464 1652 Verum
481 1607 511 1652 s1
528 1605 668 1668 legere
682 1604 838 1653 accidat
852 1604 959 1668 apud
971 1603 1132 1653 Arabes
1161 1603 1470 1660 Sandaracham,
1500 1603 1618 1653 illico

168 1667 365 1730 eligimus
379 1668 753 1732 gummiJunIperi
767 1670 920 1730 plantae
933 1667 1212 1727 Vegetabilis,
1244 1668 1323 1714 hoc
1340 1683 1481 1714 autem
1497 1682 1618 1727 gum-

168 1732 229 1779 mi
243 1730 391 1791 vulgus
406 1732 587 1791 appellat
601 1732 833 1784 Vernicem
867 1730 1113 1791 scriptorum
1141 1730 1311 1791 quando
1341 1732 1386 1777 in
1401 1730 1617 1782 Pollinem

169 1808 337 1854 paratur
350 1813 365 1836 .·
398 1794 601 1842 Praeterea
614 1809 666 1840 ex
694 1793 842 1842 eadem
859 1793 1044 1842 Vernice
1073 1794 1171 1840 ficca
1187 1794 1214 1839 fi
1231 1792 1493 1840 admisceatur
1515 1794 1616 1840 oleo

168 1858 193 1905 ὲ
210 1856 364 1906 semine
393 1856 474 1904 lini
497 1855 551 1904 fit
579 1857 732 1919 liquida
760 1857 955 1905 Vernix:
989 1861 1153 1904 Verum
1188 1871 1313 1915 atque
1331 1856 1451 1904 aliam
1469 1855 1615 1903 sanda-

167 1920 290 1970 cham
315 1920 521 1969 recensuit
547 1920 730 1977 Plinius,
763 1919 837 1968 lib.
874 1935 943 1966 11·-
967 1936 1059 1983 cap.
1087 1938 1132 1979 7.
1163 1918 1211 1965 de
1240 1918 1459 1969 Vocabulis
1493 1922 1614 1982 operis

168 1998 291 2046 apum
306 1984 582 2048 incollngendo
594 1989 691 2040 mel,
724 1984 865 2042 Cujus
879 1999 1038 2045 partem
1068 1981 1271 2046 quand-am
1300 1982 1440 2029 mellis
1455 1985 1614 2043 ceragi-

166 2047 260 2094 nofi
277 2048 402 2098 amari
417 2048 571 2108 saporis
583 2047 687 2095 dixit
703 2047 902 2109 appellari
915 2045 1222 2102 sandaracham,
1243 2053 1280 2092 ἃ
1301 2044 1350 2095 ab
1364 2045 1454 2094 aliis
1473 2045 1614 2093 caerin-

166 2108 303 2160 thum.
340 2162 343 2163 ⁷
368 2110 479 2158 Ecce
498 2126 618 2171 quam
634 2111 836 2161 diffimilia
851 2114 947 2157 sunt
963 2111 1079 2167 istaec,
1110 2125 1203 2156 non
1220 2108 1352 2156 modo
1369 2123 1525 2166 natura,
1541 2123 1615 2156 ve-

168 2187 259 2220 rum
277 2190 405 2236 atque
430 2172 622 2230 materia,
659 2183 702 2225 δι
736 2177 947 2228 facultate,
979 2187 1231 2234 quamquam
1258 2170 1410 2219 eodem
1439 2171 1613 2221 nomine

167 2252 384 2286 vocentur.
452 2235 571 2298 Qid
602 2238 750 2286 mirum
784 2237 901 2299 igitur
932 2236 990 2283 ob
1018 2251 1180 2283 tantam
1209 2250 1346 2282 rerum
1365 2235 1615 2283 varietatem

166 2298 251 2346 labi
268 2299 460 2351 homines
489 2301 732 2358 tirunculos,
764 2303 985 2363 praesertim
1011 2297 1184 2361 ingenio
1210 2297 1311 2356 rudi,
1343 2306 1386 2348 &
1417 2314 1615 2346 inexora-

169 2360 263 2419 bili,
293 2362 444 2426 quibus
458 2382 514 2414 ne
532 2365 711 2426 amplius
727 2365 769 2413 in
784 2363 890 2413 hanc
907 2377 1023 2413 ruant
1038 2367 1220 2420 foveam,
1250 2362 1378 2411 mitto
1394 2361 1615 2409 omnimo-

167 2423 266 2473 dam
280 2426 615 2488 explicationem
628 2427 819 2477 omnium
836 2425 1165 2477 differentiarum
1183 2424 1591 2484 minii,cinnabarisve
1598 2445 1613 2482 3

167 2489 330 2540 Iccirco
343 2489 670 2545 animadvertere
683 2492 744 2542 ita
762 2494 860 2541 sane
876 2495 1028 2544 censeo
1041 2487 1305 2542 cinnabarim
1320 2487 1427 2554 apud
1443 2487 1617 2598 Diqdsco-

1477 2569 1515 2599 2‘}
1549 2568 1611 2598 em
