1967 2833
603 148 608 160 ·
673 137 708 186 e
735 104 1005 218 Pyrtte.
1473 121 1573 208 73

135 253 237 286 :cum
254 231 416 284 chalibe
433 232 569 282 statim
586 247 639 278 ex
653 247 745 281 aere
762 231 956 293 generari
969 231 1133 293 ignem,⁴
1144 226 1336 288 ejusdem
1346 224 1501 277 mentis
1515 223 1581 275 vi-

141 302 265 348 detur
288 298 532 346 Alexander
551 293 734 344 afferens
751 312 842 345 non
856 312 909 342 ex
928 293 1137 357 lapidibus
1166 292 1307 341 excuti
1335 292 1479 354 ignem
1489 286 1580 335 used

143 379 279 411 aerem
293 363 364 424 qui
379 361 437 407 ibi
452 361 704 408 continetur
721 373 762 408 at
770 360 853 407 ritu
867 357 1099 422 repentino
1113 355 1160 405 in
1177 356 1324 419 ignem
1337 353 1444 405 vetti
1461 370 1474 408 3
1490 351 1584 399 ‘Al-

136 442 276 474 terum
290 423 487 485 equidem
501 421 671 471 dubium
683 425 810 471 est·an
823 423 853 470 fi
864 439 916 470 ex
932 436 1058 468 motu
1070 421 1164 479 solo
1188 418 1417 468 attritionis
1432 413 1584 480 lapidis

143 503 366 551 generetur
381 487 492 549 ignis
510 506 520 533 :
538 501 683 533 motus
698 486 816 534 enim
831 484 1037 541 calefacit,
1073 483 1234 532 idcirco
1247 483 1319 545 qui
1333 482 1439 530 hanc
1462 493 1586 527 tuen-

142 567 209 600 tur
222 551 468 612 opinionem
483 549 692 597 adducunt
709 548 1005 598 aufioritatem
1016 547 1270 610 Aristotelis,
1286 546 1360 595 lib.
1378 563 1420 592 2.
1437 543 1484 591 de
1496 543 1588 587 Coe-

143 618 180 661 lo
199 615 251 661 ά*
271 615 671 674 Mundo‚Text.42.
688 611 757 659 ubi
773 611 928 675 inquit,
939 611 1094 659 Motus
1110 613 1170 660 est
1184 625 1309 659 natus
1323 607 1460 672 ignire
1475 607 1590 666 ligna

138 684 192 727 »δε
211 676 384 738 lapides,
426 682 467 723 ὅ(
487 681 660 734 ferrum,
690 672 981 724 rationabilius
997 675 1125 737 igitur
1153 673 1428 737 propinquius
1458 669 1551 731 igni
1577 687 1590 716 t

143 739 418 802 propinquius
434 753 576 787 autem
592 739 830 797 aer2velut‚
854 747 911 789 ¹&
933 738 1088 785 inlatis
1106 737 1283 799 sagittis,
1314 733 1514 798 equidem
1540 746 1590 777 e-

140 802 237 851 nim
253 803 340 864 ipse
353 801 572 865 igniuntur
587 802 640 848 fic
654 817 702 849 ut
718 802 945 864 liquescant
959 800 1199 863 plumbeae:
1230 800 1378 850 cuneta
1393 798 1478 845 haec
1492 800 1588 845 sunt

145 866 322 927 propria
333 863 452 914 verba
468 865 703 927 Aristotelis
715 880 896 928 quorum
923 864 1113 926 quaedam
1136 863 1278 913 vitiata
1305 862 1590 924 corruptaque

145 932 301 977 censeo
317 947 333 975 ε
343 932 550 978 Praeterea
564 928 752 977 discurrit
766 926 1147 992 ipsePh'ilosophus
1159 941 1212 976 ex
1227 926 1342 975 siccis
1353 922 1591 989 vaporIbus,

147 993 222 1054 qui
250 992 295 1040 in
324 992 515 1040 humidos
542 992 772 1041 insidentes
803 1007 1031 1056 erumpere
1060 1005 1287 1047 conantur,
1322 990 1480 1036 &dum
1512 1001 1589 1033 eos

148 1056 410 1117 disrumpunt
423 1055 724 1117 strepitumque
742 1056 883 1104 attritu
897 1055 1081 1103 excitant
1094 1054 1145 1102 fit
1172 1075 1184 1111 3
1218 1053 1297 1110 cui,
1334 1059 1373 1099 &
1395 1053 1477 1114 ipse
1497 1054 1589 1096 Ga-

147 1123 258 1166 lenus
275 1118 471 1169 assensisse
484 1119 648 1167 videtur
661 1120 706 1166 in
723 1120 797 1166 lib.
813 1117 1223 1182 6.‘H1}zpocratis,·de
1251 1115 1589 1179 Morbisvusga-

147 1180 277 1237 ribus,
305 1184 526 1232 Comment.
559 1199 606 1244 4.
636 1181 870 1230 discurrens
901 1184 1018 1230 enim
1033 1185 1154 1245 super
1181 1180 1386 1228 decimam
1401 1179 1592 1226 oeiavam

149 1246 411 1294 sententiam.
439 1245 657 1293 Videlicet
668 1247 890 1307 -Aquarum
907 1244 1006 1293 artis
1020 1243 1256 1307 expertium
1271 1258 1361 1304 quae
1376 1241 1427 1290 ab
1441 1241 1592 1288 aethere

149 1322 320 1355 excreta
336 1312 411 1363 est,
447 1324 516 1356 aut
544 1325 639 1357 cum
663 1308 826 1356 tonitru
856 1307 1112 1368 tempestiva,
1143 1303 1334 1356 nimbosa
1358 1320 1459 1353 vero
1488 1308 1595 1351 mala

148 1370 334 1431 explicat
364 1371 480 1432 quod
496 1375 596 1419 statu
613 1370 810 1420 nubiloso
833 1372 947 1420 nulla
964 1373 1219 1419 emittuntur
1246 1368 1423 1415 fulmina
1450 1382 1590 1427 neque

153 1432 341 1480 tonitrua
353 1433 550 1489 eduntur,
579 1434 655 1482 nili
670 1434 770 1483 dum
801 1433 938 1481 nubes
967 1434 1219 1482 ‘divellantur
1246 1430 1392 1493 quibus
1424 1431 1592 1493 proptia

151 1495 535 1558 circumscriptione
549 1496 694 1544 delatis
710 1513 805 1545 cum
833 1496 943 1547 inter
967 1500 1008 1545 se
1025 1511 1284 1544 concurrunt
1314 1495 1366 1542 fit
1399 1495 1595 1541 attritio:

155 1571 256 1627 tune
269 1559 382 1608 enim
397 1557 530 1607 nubes
544 1559 655 1609 inter
671 1564 712 1606 se
727 1574 1031 1609 concurrentes
1045 1560 1218 1622 igneum
1234 1558 1293 1616 id,
1323 1557 1502 1617 quodin
1533 1558 1595 1603 eis

155 1624 436 1678 inclusumest,
472 1623 583 1670 intra
598 1624 765 1685 seipsos
782 1624 1095 1685 compellentes
1113 1637 1205 1670 tum
1221 1623 1388 1669 fulmen
1404 1620 1595 1683 quando-

155 1698 239 1742 que
255 1684 300 1732 in
315 1684 505 1743 suinuae,
535 1688 785 1749 quandoque
799 1687 844 1734 in
861 1685 1370 1747 obliquium,quandoque
1381 1685 1427 1731 in
1446 1698 1598 1731 terram

155 1747 403 1804 extruditur,
432 1749 581 1797 eadem
595 1750 673 1796 fuit
686 1749 927 1798 Stoicorum
941 1749 1094 1812 opinio
1106 1764 1265 1809 nempe
1280 1763 1332 1794 ex
1349 1746 1496 1796 attritu
1527 1761 1597 1791 ac-

155 1810 401 1858 censionem
416 1810 590 1869 nubium
603 1813 802 1869 excitari,'
824 1821 868 1863 &
887 1814 1100 1860 tonitrum
1126 1811 1236 1860 fieri.
1295 1815 1597 1859 Veruntamen

158 1873 279 1919 aliter
293 1874 415 1921 sensit
438 1877 742 1941 anaxagoras
756 1877 831 1939 qui
846 1875 1094 1938 apertiffim‘e
1109 1873 1270 1923 afferuit
1287 1888 1381 1921 non
1396 1870 1529 1918 modo
1544 1886 1598 1916 ex

160 1935 309 1984 attritu
323 1937 495 2000 proprie
513 1942 681 1987 evenire
699 1957 714 1994 ;
748 1938 817 1987 sed
831 1955 884 1986 ex
899 1940 1036 1986 calore
1062 1951 1304 1986 occurrente
1331 1934 1479 1997 frigori
1506 1948 1601 1981 cum

161 2014 257 2060 pars
274 2000 436 2048 aetheris
449 2002 491 2050 in
504 2017 644 2052 aerem
658 2003 833 2051 densum
850 2003 1054 2062 impetum
1069 2001 1168 2049 facit
1183 2015 1281 2048 tunc
1297 2000 1460 2061 crepitu
1478 1999 1602 2044 toni-

160 2077 297 2110 truum
312 2062 406 2109 fieri
422 2065 581 2111 censuit
599 2066 652 2112 fic
680 2065 1037 2112 corruscationem
1067 2061 1281 2111 turbinem
1320 2070 1362 2110 δι
1392 2061 1556 2109 fulmen
1586 2079 1600 2103 .-

160 2128 328 2172 Horum
338 2127 503 2185 placitis
514 2130 731 2176 recensitis
746 2128 856 2178 aliud
888 2126 1074 2189 emergit
1098 2125 1274 2174 dubium
1304 2141 1358 2172 ex
1391 2125 1601 2186 opinione

162 2188 358 2256 pendani,
372 2190 441 2236 lib.
466 2190 514 2236 de
529 2195 764 2249 Elementia,
796 2189 866 2237 ubi
881 2190 1062 2248 asseruit,
1087 2189 1132 2239 in·
1144 2187 1351 2251 lapidibus
1366 2187 1453 2237 nOn
1474 2190 1604 2235 latere

161 2265 308 2322 lgnem
323 2268 465 2321 neque
483 2254 526 2300 in
544 2254 604 2300 eis
618 2255 860 2317 potentiam
876 2254 987 2316 ignis
1015 2253 1098 2301 effe
1130 2252 1397 2302 hac-ratione
1425 2251 1573 2300 duetus
1590 2270 1605 2307 ;

163 2328 261 2360 nam
277 2332 322 2361 in
338 2331 483 2376 ignem
498 2332 578 2377 pro
580 2318 720 2375 jeeios
738 2317 899 2379 lapides
915 2319 981 2367 vix
997 2316 1168 2369 accendi
1181 2315 1446 2378 excogitavit,
1465 2323 1508 2366 &
1527 2314 1607 2362 ali-

163 2390 231 2427 am
244 2376 416 2424 adduxit
426 2381 678 2428 sententiam
696 2381 935 2428 Alexandri
951 2396 1078 2441 quam
1093 2379 1302 2438 ejusmodi
1313 2404 1317 2414 ·
1328 2378 1529 2444 opinioni
1541 2381 1605 2424 fa-

164 2453 258 2486 vere
271 2439 503 2512 assequitur,
537 2460 696 2507 nempe
711 2445 756 2491 in
773 2444 909 2508 lapide
921 2445 1068 2506 ignem
1083 2459 1173 2491 non
1206 2443 1289 2490 effe
1317 2456 1570 2502 conceptum
1591 2461 1607 2497 ς

164 2515 259 2552 nam
273 2519 384 2564 lgms
401 2506 599 2570 lapidem,
627 2512 830 2572 &rursus
849 2508 953 2572 lapis
986 2522 1154 2558 manum
1187 2506 1406 2569 tangentis
1436 2518 1609 2615 urceirett:

951 2572 986 2620 L
1397 2583 1480 2632 prae
1512 2567 1550 2616 ie
1574 2582 1614 2616 as
