1967 2833
586 153 588 158 ·
666 86 1059 203 de··Pyt1te.
1550 123 1627 209 7·

160 217 207 264 sit
223 209 547 266 excrementum
556 216 844 273 metallorum,
879 215 950 261 sed
963 219 1023 263 est
1035 215 1165 265 veluti
1176 217 1342 280 sulphur
1357 219 1599 283 lapidosum,

155 281 204 327 sit
219 296 271 328 ex
287 293 440 341 vapore
457 279 579 335 sicco,
611 278 712 325 ficut
731 285 774 327 δι
793 277 1020 339 sulphure&
1040 280 1096 325 ita
1111 279 1295 329 dicendo
1310 284 1495 345 implicat
1509 289 1596 335 ser·
1620 342 1625 347 ¹

154 357 349 398 monem,
367 356 465 391 nam
479 342 658 389 inomni
671 341 856 400 metallo
869 343 927 388 est
942 355 1071 402 vapor
1099 343 1242 401 siccus,
1268 345 1425 393 idcirco
1454 348 1499 395 in
1528 352 1596 398 su-

153 404 326 466 perficie
340 404 627 464 cujuscumque
644 404 808 464 metalli
823 403 1030 465 reperitur
1046 405 1287 467 marchefita
1317 428 1328 454 :
1358 425 1408 455 ex
1426 408 1490 456 his
1507 413 1593 461 fin-

153 468 263 528 gulis
280 468 511 528 exploratis
528 466 792 527 conspicuum
824 465 1150 528 deprehenditur
1180 471 1304 518 fateri
1331 473 1588 535 Palloppium

153 530 236 577 effe
254 532 486 587 metallum,
513 528 815 588 marchefitam,
851 537 894 578 ὃ(
912 529 1078 591 sulphur
1091 532 1265 580 facstaex
1296 534 1452 582 eodem
1466 553 1592 599 vapo-

151 607 198 639 re
214 591 571 654 ficcosulphureo,
603 591 717 654 quod
733 593 913 655 superius
929 596 1093 653 prorsus
1107 597 1276 657 negavit
1308 614 1318 641 :
1347 597 1408 645 ita
1438 612 1482 644 ut
1512 601 1592 647 ali-

150 655 317 716 quando
328 656 450 713 joc0,
484 663 527 706 ὃ(
546 654 751 703 interdum
766 655 876 704 serio
893 655 977 705 haec
1003 658 1238 717 protuliffe,
1271 675 1315 706 ac
1345 674 1423 721 pro
1449 659 1591 712 fabula

114 748 120 755 -
150 718 267 778 plura
281 716 448 766 finxiffe
464 717 665 771 videatur,
698 734 797 764 nam
827 717 985 772 eisdem
1013 717 1151 767 verbis
1182 721 1259 769 fibi
1288 738 1506 783 repugnat,
1543 735 1588 775 &

154 779 414 828 mentiendo
430 779 539 827 ludit
557 799 572 822 .·
586 781 751 830 etenim
768 780 939 827 tradidit
956 782 1102 827 falsum
1119 782 1333 846 ess'e,quod
1351 786 1591 835 marchefira

149 841 199 887 fit
215 858 534 890 excrementum
547 844 833 900 metallorum,
865 841 1045 891 afferens
1060 845 1143 906 ipse
1158 847 1326 908 reperiri
1341 863 1435 893 eam
1452 851 1494 898 in
1524 855 1589 896 su-

142 904 317 964 perficie
347 905 550 957 duntaxat
579 907 873 968 cujuscumque
903 907 1094 963 metalli,
1127 907 1298 956 demum
1327 910 1468 971 inquit
1498 928 1588 963 non

144 968 321 1023 existere
333 969 616 1017 marchefitam
647 970 694 1016 in
722 971 840 1017 venis
870 985 966 1016 cum
992 969 1199 1027 metallis,
1232 974 1587 1033 quemadmodum

144 1028 342 1089 deberet,
370 1048 445 1079 ceu
457 1033 638 1093 propriis
670 1032 778 1078 locis
807 1033 1080 1082 metallorum
1114 1041 1158 1083 &
1190 1032 1310 1081 affert
1343 1038 1586 1099 exemplum

143 1094 316 1142 seminis
337 1095 594 1149 annualium,
628 1093 743 1155 quod
759 1096 817 1142 est
833 1111 1156 1143 excrementum
1168 1099 1387 1159 proprium
1401 1102 1585 1148 existens

144 1156 193 1202 in
209 1155 396 1215 testibus,
426 1159 517 1204 imo
534 1156 671 1204 afferit
686 1156 972 1207 marchefitam
988 1157 1140 1205 habere
1156 1176 1308 1209 venam
1321 1177 1396 1222 per
1412 1166 1469 1219 se,
1485 1179 1585 1210 nam
1643 1217 1649 1223 ,

141 1220 344 1279 reperitur
370 1221 500 1268 etiam
531 1220 773 1267 marchefita
802 1219 955 1281 absque
985 1222 1168 1270 metallis
1195 1224 1472 1271 nihilominus
1502 1241 1583 1286 op-

140 1282 338 1341 positum,
369 1281 450 1332 fibi
464 1282 769 1339 contradicens,
802 1283 887 1343 jam
900 1283 1146 1346 prodiderat
1178 1286 1308 1349 capite
1316 1286 1456 1346 sexto,
1474 1289 1586 1346 ejus-

140 1341 241 1390 dem
257 1344 459 1393 tra&atus
472 1349 588 1408 supra
615 1347 734 1393 citati
764 1347 1013 1395 auetoritate
1041 1347 1283 1408 Aristotelis
1311 1350 1414 1398 libro.
1445 1351 1582 1407 tertio,

143 1405 196 1451 (θ’
211 1425 360 1469 quarto
370 1412 675 1466 Mat-vrorum,
697 1408 838 1458 dicens
865 1409 1050 1470 lapidem
1066 1411 1227 1472 pyrima
1241 1428 1334 1458 cum
1348 1415 1438 1460 erui
1452 1415 1477 1459 ὸ,
1491 1428 1583 1461 ter-

135 1470 179 1517 ra
194 1471 278 1517 una
290 1487 382 1518 cum
399 1473 601 1527 metallis,
636 1479 679 1521 &·
699 1487 793 1519 non
808 1473 1053 1535 separatim:
1087 1473 1154 1520 hic
1169 1488 1311 1524 tamen
1323 1475 1582 1523 animadver-

137 1545 227 1579 tere
247 1534 391 1592 velim,
405 1533 521 1596 quod
551 1535 783 1598 Falloppius
801 1532 980 1597 loquens
1010 1536 1063 1584 de
1096 1538 1316 1600 Pyrimaco
1345 1539 1579 1601 Aristotelis

133 1593 348 1648 intellexit
365 1597 420 1645 de
434 1597 675 1646 marchefita
685 1597 890 1657 Arabum,
906 1598 1266 1661 quemadmodum
1282 1605 1401 1663 aeque.
1414 1603 1581 1651 intell?-

132 1659 320 1718 gendum
332 1662 392 1708 est
408 1675 630 1722 :praeterea
646 1660 762 1708 addit
779 1661 879 1722 ipse,
899 1661 1078 1721 lapidem
1091 1678 1144 1725 py
1153 1663 1347 1710 timaeum
1380 1666 1581 1728 appellari

130 1722 406 1780 metallicum,
435 1724 531 1783 quia
546 1723 686 1772 mistus
706 1739 800 1770 cum
814 1724 997 1771 metallis
1013 1741 1065 1771 ex
1100 1741 1207 1774 terra
1237 1725 1440 1775 effoditur
1472 1729 1578 1788 lapis

131 1782 205 1830 iste
221 1783 400 1845 liquatur
418 1794 462 1836 δε
478 1785 574 1835 fluit
605 1786 697 1848 igni
713 1785 895 1843 ardenti,
929 1795 972 1837 &
1004 1785 1152 1836 iterum
1181 1789 1342 1851 frigido
1369 1789 1543 1838 durescit
1566 1811 1578 1838 ς

131 1844 194 1893 hic
209 1859 355 1896 tamen
369 1850 472 1911 lapis
489 1864 578 1898 non
593 1848 687 1897 fluit
705 1864 909 1910 quatenus
923 1848 1045 1911 lapis,
1078 1865 1118 1897 at
1129 1851 1268 1897 solum
1283 1852 1444 1900 ratione
1464 1853 1578 1901 illiue

129 1910 313 1967 metalli,
347 1913 434 1972 quo
458 1926 676 1973 praegnans
708 1916 768 1961 est
797 1911 903 1974 lapis
932 1931 944 1959 τ
974 1911 1090 1973 quod
1120 1914 1205 1973 jam
1236 1916 1420 1974 superius
1446 1916 1578 1980 capite

129 1970 266 2035 quinto
311 1972 474 2021 asseruit
504 1975 738 2038 Palloppius
767 1990 822 2022 ex
858 1990 1006 2026 mente
1041 1976 1186 2023 Galeni
1203 2010 1217 2033 ,
1261 1978 1364 2024 libro
1394 1999 1484 2025 nono
1523 1982 1596 2027 de

119 2036 302 2098 fimplic.
318 2036 487 2085 Medic.
496 2037 698 2098 facultat.
761 2036 984 2085 Videlicet
1014 2051 1166 2097 terram
1197 2054 1285 2087 non
1301 2041 1472 2102 eliquari
1495 2043 1574 2091 nili

128 2096 279 2145 habeat
297 2099 512 2147 admistum
526 2116 683 2158 aurum,
712 2102 779 2150 vel
796 2114 1036 2160 argentum,
1050 2105 1115 2150 vel
1128 2101 1237 2152 aliud
1251 2106 1488 2159 metallum,
1505 2107 1573 2151 vel

126 2159 295 2218 vitrum,
309 2162 374 2212 vel
390 2162 499 2209 aliud
513 2163 646 2210 simile
664 2184 675 2211 :
692 2162 806 2224 quod
823 2162 935 2209 addit
950 2163 1081 2209 etiam
1096 2168 1340 2214 Alexander
1363 2168 1572 2227 QAfrodi'-

118 2223 444 2286 saeuszliquatur
460 2225 585 2288 igitur
614 2226 778 2288 pyrites
803 2225 968 2274 ratione
984 2228 1162 2286 metalli,
1193 2229 1261 2275 aed
1292 2235 1452 2280 malleo
1481 2247 1573 2279 non

127 2287 326 2336 traiiatur
342 2287 509 2336 ratione
525 2287 691 2349 lapidis,
701 2292 762 2337 est
778 2288 895 2336 enim
912 2286 1087 2336 friabilis
1102 2290 1217 2351 quod
1231 2295 1290 2339 est
1306 2293 1452 2354 lapidis
1468 2309 1570 2361 pro-

124 2348 263 2411 prium
280 2368 292 2395 :
308 2367 363 2404 ex
379 2349 526 2412 quibus
547 2351 875 2413 deprehenditur
889 2352 1064 2399 existere
1084 2353 1270 2416 pyritem
1291 2357 1370 2404 live
1385 2371 1570 2419 pyr1ma=
1590 2377 1594 2380 ·

125 2426 219 2457 cum
234 2411 374 2461 dicere
391 2413 533 2471 mavis,
569 2414 682 2463 idem
707 2415 826 2462 enim
857 2417 934 2469 est,
967 2414 1149 2477 lapidem
1178 2433 1271 2465 non
1301 2435 1465 2481 purum,
1497 2417 1584 2466 sed*

124 2477 408 2543 compositum
423 2493 475 2527 ex
492 2476 648 2542 lapide,
680 2485 726 2529 &
743 2478 1160 2546 nuteriametallica,
1184 2482 1439 2533 metallicum
1453 2480 1570 2530 enim

1492 2559 1568 2591 CHS
