1967 2833
260 116 412 223 '144
677 93 1378 216 SetundaDeftriptio

265 244 375 280 nant
407 227 645 290 Dioscoridi
659 239 785 290 atque
801 230 968 284 Caleno,
999 226 1156 275 rationi
1182 242 1309 289 atque
1322 220 1619 291 experientiae„
1639 245 1713 280 ve-

269 309 363 353 rum
375 293 544 341 illorum
559 292 672 340 dieta
687 293 878 339 constant
908 292 1193 341 fundamento,
1223 290 1332 337 adeo
1361 288 1521 337 lubrico
1535 309 1581 342 ut
1591 293 1716 344 facile

268 357 472 417 depromi
483 354 607 418 poffit
625 370 716 401 non
731 352 869 403 vidisse
885 353 1108 417 praediaos
1120 356 1190 400 vix
1207 355 1415 401 corticem
1427 368 1607 415 operum
1633 354 1719 403 Di-

271 417 482 481 qfcoridis,
511 424 552 466 &
574 417 720 465 Galeni
731 436 745 460 :
779 432 967 466 attamen
980 417 1061 480 ipse
1075 417 1218 467 oddus
1242 415 1473 478 profitetur
1487 418 1722 482 nititurque

274 482 358 540 levi
367 481 640 537 inconstanti,
672 489 715 532 δι
734 480 953 543 sophistico
967 483 1169 528 sermone
1182 478 1407 543 praedic‘ios
1424 480 1598 531 reddere
1612 498 1724 531 con-

274 544 442 601 cordeS‚
474 560 517 591 at
530 559 675 606 parum
691 546 819 590 refert
845 543 1204 606 quemadmodum
1219 542 1495 604 unusquisque
1516 546 1661 608 legere
1673 562 1723 593 ac

277 608 434 656 intueri
457 612 612 669 porest,
645 622 714 654 me
738 607 857 653 enim
884 606 1013 667 pudet
1042 611 1196 654 referre
1222 620 1290 653 tot
1316 604 1532 655 fatuitates
1548 643 1565 665 ,
1596 609 1727 657 velim

278 686 397 720 vero·
420 686 466 717 ut
495 669 742 717 desisterent
780 670 927 718 cizne‘ti-
949 669 1110 717 deviare
1140 670 1165 716 a
1192 669 1406 718 clarissima
1440 669 1590 718 Galeni
1627 675 1728 720 sen-

280 734 431 791 tentia,
462 749 552 795 quae
571 734 651 780 fuit
670 732 896 781 Chalcitim
910 731 991 781 esse
1008 730 1165 788 albam,
1191 732 1307 780 dedit
1320 747 1505 795 namque
1531 732 1729 786 indicium

279 813 405 859 atque
420 798 611 844 exafflam
640 795 900 859 disciplinam
927 796 1211 858 exproniendi
1237 797 1432 844 colorem
1459 798 1733 860 experientia,

281 876 372 921 quae
390 857 715 921 deprehenditur
733 872 934 921 tempore
949 875 1036 920 quo
1052 857 1365 905 Chalcanthum
1381 873 1666 910 commutatur
1682 862 1730 911 in

284 922 528 978 chalcitim,
560 937 683 983 quim
699 921 749 970 ad
766 921 884 969 instar
910 921 1007 969 litus
1024 925 1092 969 seu
1121 921 1332 983 lanuginis
1360 919 1464 968 albae
1478 927 1659 986 persaepe
1685 925 1733 973 in

288 986 580 1049 promptuariis
597 986 684 1045 ipse
712 984 854 1032 vidiae
868 984 960 1042 ejus
985 984 1150 1048 copiam
1162 998 1333 1047 quoque
1359 984 1467 1047 apud
1497 1000 1567 1033 me
1581 1001 1736 1044 teneo,

286 1064 464 1097 necnon
474 1048 679 1105 >Chalcitis
706 1047 851 1096 nativae
880 1062 969 1108 qtzae
985 1049 1169 1105 advedh,
1195 1048 1271 1095 fuit
1296 1063 1349 1093 ex
1369 1047 1534 1111 Anglia
1545 1064 1684 1112 nuper
1708 1052 1736 1097 ὲ.

287 1112 615 1168 Mercatoribus,
646 1110 731 1158 haec
745 1111 842 1158 dum
859 1110 980 1158 cruda
990 1125 1049 1158 ex
1065 1110 1226 1158 minera
1241 1110 1427 1158 defertur
1440 1114 1581 1174 palam
1591 1113 1738 1161 omni-

290 1175 364 1224 bus
379 1174 636 1236 conspicitur
649 1173 757 1232 alba,
790 1174 835 1221 in
852 1173 1190 1222 circumferentia
1205 1189 1305 1223 vero
1322 1171 1380 1220 ob
1396 1175 1502 1222 aeris
1518 1175 1737 1224 alteratio-

290 1254 394 1286 nem
410 1237 558 1299 incipit
574 1252 765 1298 tempore
779 1235 967 1284 citrinare
985 1254 995 1281 :
1026 1236 1112 1284 haec
1128 1235 1228 1283 inde
1256 1239 1339 1284 usta
1354 1237 1406 1284 fit
1424 1237 1575 1300 partim
1592 1236 1741 1300 rubea,

292 1301 533 1364 partimque
551 1300 670 1357 flava,
696 1315 742 1346 ac
756 1299 909 1360 partim
932 1314 1148 1361 porracea,
1182 1306 1226 1349 &
1257 1301 1427 1348 cinerea
1454 1300 1592 1349 evadit
1618 1303 1740 1360 juxta

293 1364 546 1412 sententiam
563 1368 729 1419 Galen»,
745 1362 818 1410 lib.
839 1378 879 1410 1.
910 1365 959 1411 de
989 1361 1245 1420 eAntidotis,
1277 1378 1320 1410 ut
1352 1366 1471 1425 supra
1485 1364 1647 1413 dicium
1662 1366 1742 1416 fuit

294 1428 348 1475 de
363 1427 482 1489 ipfius
497 1426 706 1475 Chalcitis
720 1425 867 1489 lignis,
900 1441 990 1485 quae
1005 1426 1050 1473 in
1065 1439 1226 1474 neutro
1254 1425 1341 1473 alio
1370 1441 1612 1475 atramento
1636 1445 1745 1477 con-

297 1490 523 1554 spiciuntur
539 1507 551 1535 ε
583 1488 735 1536 idcirco
748 1504 836 1537 non
853 1487 993 1536 obstat
1004 1491 1032 1536 si
1045 1487 1226 1537 nomine
1240 1487 1434 1552 expresso
1450 1488 1603 1553 ubique
1618 1497 1749 1540 Gale·

297 1570 372 1601 nus
386 1568 479 1601 non
496 1553 698 1614 scripserit
715 1551 944 1600 Chalcitim
973 1550 1111 1600 albam
1136 1553 1235 1608 effe,
1268 1553 1483 1600 admonuit
1498 1554 1612 1602 enim
1644 1571 1745 1615 nos,

299 1616 421 1678 lib.4.
449 1617 499 1663 de
511 1614 784 1676 Compofitione
810 1613 1213 1662 Medicamentorum
1234 1628 1307 1676 per
1336 1620 1525 1676 Generas,
1565 1633 1655 1680 cap.
1701 1635 1743 1668 1.

299 1680 456 1742 quippe
472 1677 655 1727 siffitere
672 1678 713 1725 ei
740 1677 983 1725 facultatum
1009 1676 1293 1726 universalium
1322 1678 1454 1726 veluti
1467 1683 1657 1741 exempla
1668 1697 1746 1729 ex-

300 1740 502 1804 posuisse:
533 1741 582 1789 ni
600 1741 745 1790 tamen
762 1739 814 1788 ab
830 1740 1052 1804 Agricola,
1090 1755 1231 1801 neque
1258 1738 1310 1786 ab
1330 1741 1422 1797 ejus
1435 1742 1546 1790 secia
1564 1745 1747 1796 sumatur

301 1806 403 1855 inde
417 1807 512 1854 ansa
521 1802 801 1862 defenfionis,
829 1806 922 1865 quia
937 1802 1210 1851 indefinitum
1224 1803 1284 1849 eis
1303 1802 1488 1852 videatur
1502 1806 1599 1865 quid
1613 1806 1747 1856 intel-

303 1870 378 1933 ligi
391 1869 645 1929 indicarique
660 1866 838 1916 voluerit
855 1865 1133 1926 Dioscorides,
1159 1864 1233 1912 ubi
1246 1864 1351 1913 dixit
1380 1865 1564 1916 chalcitis
1576 1875 1748 1933 praefer-

305 1948 375 1982 rur
388 1931 529 1980 similis
542 1931 626 1986 aeri,
654 1947 766 1978 nunc
780 1929 921 1991 itaque
935 1930 986 1976 ad
1000 1929 1332 1989 explicationem
1363 1929 1484 1988 hujus
1513 1933 1753 1981 similitudi-

305 1996 374 2044 nis
390 2009 434 2041 ut
452 1999 624 2044 tollatur
638 2007 895 2055 quaecunque
912 1991 1134 2044 difficultas
1150 2008 1196 2038 ac
1207 2007 1254 2038 ut
1279 1991 1332 2039 de
1347 1993 1478 2054 magis
1493 1995 1642 2044 veritas
1657 1998 1751 2045 elu-

305 2061 459 2116 cescat,
491 2072 583 2107 non
605 2056 791 2103 delinam
819 2055 1042 2116 explanare
1071 2054 1178 2103 aliud
1193 2054 1475 2105 similitudinis
1488 2060 1753 2121 exemplum,

309 2137 397 2184 quo
413 2123 505 2167 usus
535 2119 612 2167 fuit
641 2118 1022 2182 Dioscorides‚-cap.
1057 2118 1107 2164 de
1126 2117 1265 2181 Pyrite
1288 2118 1429 2180 lapide
1459 2124 1584 2182 quale
1599 2123 1678 2169 fuit
1693 2122 1763 2169 il-

310 2183 382 2232 lud
411 2182 660 2234 Chalcitidis
675 2185 791 2244 supra
804 2181 1044 2243 expositum
1062 2198 1074 2226 ε
1105 2179 1238 2242 inquit
1251 2182 1368 2229 enim
1379 2184 1548 2254 Pyrites
1562 2187 1623 2232 est
1647 2185 1757 2249 lapi.

312 2247 375 2297 dis
391 2262 526 2310 genus
541 2246 566 2292 a
581 2259 666 2306 quo
678 2243 987 2300 aes-extrahitur,
1012 2242 1116 2306 eligi
1144 2242 1274 2291 debet
1286 2244 1376 2291 aeris
1405 2246 1674 2296 hmilitudine
1688 2253 1755 2301 fa-

312 2311 392 2359 cile
418 2308 618 2358 scintillas
632 2307 761 2361 edens
777 2326 788 2353 =
804 2306 887 2353 hoec
904 2306 1165 2368 ‘Dioscoridis
1177 2303 1301 2356 verba
1312 2323 1406 2356 non
1423 2311 1519 2356 sunt
1533 2309 1583 2356 ad
1597 2310 1756 2361 literam

314 2371 626 2434 superficialiter
639 2369 929 2430 intelligenda,
954 2385 1096 2418 verum
1111 2370 1184 2431 qui
1196 2384 1339 2417 eorum
1353 2374 1514 2419 sensum
1529 2376 1760 2433 perscruta-

319 2435 354 2484 ri
379 2433 585 2492 voluerit„
598 2448 647 2479 ut
665 2447 862 2483 mentem
878 2433 1036 2479 autoris
1050 2430 1265 2494 percipiat,
1303 2432 1351 2479 in
1382 2448 1574 2483 mentem
1588 2451 1760 2487 revocet

319 2514 408 2562 quae
424 2509 666 2562 praenarrata
690 2499 782 2544 sunt
800 2495 1007 2559 superiori
1034 2494 1327 2558 descriptione,
1353 2510 1408 2544 ex
1436 2495 1586 2560 quibus
1604 2498 1758 2561 depre-

859 2584 868 2623 l
1606 2561 1758 2615 hendet
