1967 2833
303 90 449 198 439
732 83 781 161 S
782 104 937 164 exta
955 75 1380 198 Descriptiapp⁸
1557 78 1570 138 ἕ

304 212 513 279 parabant
529 226 697 261 veteres
712 227 764 259 ex
780 215 903 260 succo
918 215 1021 258 co'o
1036 210 1231 277 expresso
1254 215 1278 261 ὲ
1310 209 1762 276 εερίιίὒυΐᾪτιρανεὲῐε

309 275 611 343 pro-’maceratis
625 273 757 323 biduo
773 277 820 323 in
837 292 957 338 aqua,
988 284 1031 325 &
1050 275 1236 324 decoffis
1253 274 1316 322 cui
1349 274 1561 323 addebant
1593 277 1647 326 ad
1672 293 1767 327 me-

325 343 525 388 dietatem
542 338 702 396 mellis,
734 353 802 385 aut
821 342 936 400 sapoe,
953 353 1022 384 aut
1040 339 1206 386 alterius
1238 339 1354 396 juxta
1384 354 1532 387 eorum
1558 338 1770 389 intentio-

321 419 442 460 nem,
485 417 530 453 ut
561 404 624 451 estv
651 403 792 463 legere
824 402 865 450 in
885 404 1112 459 Galenum,
1143 418 1190 448 ac
1219 401 1374 449 iterum
1405 400 1647 464 coquebant
1679 404 1768 452 leni

318 468 418 529 igne
439 467 565 526 usque
583 463 632 511 ad
648 465 955 514 consistentiam
972 465 1130 521 mellis,
1146 464 1244 511 inde
1261 464 1548 526 refrigeratam
1562 467 1772 516 confetiri-

318 545 455 576 onem
473 525 688 576 servabant
705 531 795 577 vase
811 527 963 584 vitreo,
994 542 1041 574 ut
1073 532 1232 575 sonant
1265 529 1533 576 Damocratbs.
1557 530 1736 580 carmina
1753 548 1767 575 e

316 591 423 641 Inde
440 592 698 639 Posteriores
715 606 919 653 ceperunt
933 606 1069 653 parare
1082 590 1345 652 pharmacum
1362 607 1416 636 ex
1428 591 1630 653 praedic'to
1645 596 1766 640 succo

319 671 416 703 cum
432 652 606 717 penidiis
627 656 725 700 loco
737 653 893 711 mellis,
924 655 994 701 vel
1007 657 1125 714 sapae,
1159 661 1200 702 &
1223 653 1290 702 alii
1304 656 1448 716 postea
1465 670 1560 700 cum
1576 655 1769 703 {hecharo

319 719 366 764 in
382 721 520 764 forma
549 717 675 770 solida
693 750 708 773 ,
738 717 852 778 quod
870 717 1087 778 appellant
1114 715 1359 764 Diacodion
1387 717 1430 766 in
1459 716 1633 781 tabulis,
1665 721 1771 767 teste

312 779 475 841 rMesate
491 778 565 826 lib.
587 795 625 839 3.
642 782 961 844 de-Eclegmatbs
993 799 1004 826 :
1040 779 1282 827 vetustiores
1300 779 1496 844 equidem
1524 796 1621 829 eam
1651 782 1772 843 copi-

319 859 389 891 am
406 842 595 898 sacchari,
627 859 769 904 neque
787 845 829 891 id
845 843 890 890 in
907 857 1030 890 tanto
1060 845 1131 887 usu
1164 842 1360 901 habuere,
1389 858 1473 890 nos
1499 857 1643 891 autem
1691 844 1773 891 hoc

321 908 465 953 seculo
483 905 590 954 adeo
604 906 818 966 vulgatum
832 906 873 954 in
889 905 977 952 dies
993 904 1162 954 fruimur
1175 905 1465 961 saccharum,ut
1481 905 1528 954 in
1541 904 1644 953 cibis
1661 922 1774 970 quo-

326 985 410 1030 que
426 969 626 1016 ufitemur
640 984 695 1016 eo
712 990 723 1015 ι
739 967 813 1016 hac
826 967 1137 1016 commoditate
1151 968 1302 1016 duetus
1317 968 1586 1019 aromatarius
1601 970 1775 1030 quidam

323 1031 462 1094 paucis
477 1030 765 1080 abhincnnnis
783 1035 924 1078 succos
941 1045 1097 1078 omnes
1125 1028 1356 1099 condiebgt
1382 1031 1578 1078 saccharo
1604 1031 1655 1079 ad
1683 1038 1774 1082 fot-

324 1109 434 1141 mam
449 1093 637 1150 solidam,
668 1109 714 1140 ut
731 1093 973 1142 Diacodion
987 1094 1033 1140 in
1051 1094 1220 1151 rotuliS,
1255 1102 1300 1145 ὅτ,
1328 1093 1402 1142 abs
1432 1108 1478 1142 te
1509 1093 1773 1159 sibiatroga-

329 1155 401 1202 bat
417 1156 601 1205 alienum
619 1155 901 1218 pharmacum,
943 1157 1023 1204 hoc
1035 1173 1111 1204 ceu
1139 1172 1295 1206 novum
1324 1158 1628 1220 propriumque
1654 1159 1781 1221 ipsius

330 1219 570 1276 inventum,
602 1219 719 1280 quod
733 1220 941 1269 dedecore
954 1219 999 1267 in
1013 1223 1156 1281 vulgus
1171 1220 1429 1280 proferebat,
1443 1218 1516 1268 sub
1529 1222 1713 1271 nomine
1726 1222 1781 1270 fi-

334 1282 413 1328 ἑὶο
427 1283 549 1344 firupi
562 1282 684 1330 solidi
697 1298 792 1330 non
809 1283 1150 1333 animadvertens
1164 1283 1338 1347 firupum
1353 1281 1436 1331 effe
1449 1298 1598 1333 vocem
1626 1284 1784 1333 Arabi-

337 1359 444 1400 cam,
479 1360 567 1405 quae
583 1345 739 1393 indicat
753 1346 998 1408 potionem,
1030 1360 1244 1407 praeterea,
1271 1361 1316 1394 ut
1331 1343 1584 1394 uberrimum
1598 1350 1786 1409 questum

333 1405 630 1467 adipisceretur
643 1409 716 1456 hac
732 1409 925 1457 novitate
941 1408 1102 1456 seduxit
1119 1408 1309 1456 medicos
1324 1407 1524 1472 quosdam
1538 1411 1580 1457 ei
1595 1414 1787 1459 fautores

331 1468 406 1530 ipsi
421 1472 541 1517 enim
555 1470 796 1520 simularunt
811 1488 962 1521 vanum
992 1472 1331 1535 pharmacopolae
1360 1472 1566 1535 placitum
1595 1474 1788 1522 nescien-

332 1546 416 1587 teS,
449 1546 655 1594 quantum
667 1533 846 1582 veritate
870 1549 1175 1596 repugnarent,
1200 1550 1376 1583 ,necnon
1409 1538 1559 1582 Galeno
1585 1537 1786 1585 aliorum-

333 1605 417 1654 que
437 1611 624 1644 veterum
637 1597 855 1644 sententiae
870 1598 988 1656 cujus
1004 1597 1281 1645 immemores
1293 1597 1571 1654 affimilantur,
1596 1602 1784 1661 proutin

332 1657 565 1720 Evangelio
580 1674 715 1715 cecus,
747 1659 819 1719 qui
832 1676 973 1707 cecum
988 1659 1120 1716 ducit,
1135 1658 1264 1707 ambo
1290 1660 1338 1708 in
1353 1664 1524 1709 foveam
1541 1662 1708 1719 cadunt,
1736 1666 1779 1709 se

333 1719 444 1780 ipsos
461 1725 702 1770 accusantes
719 1721 863 1784 inopis
881 1737 1007 1784 atque
1022 1721 1204 1769 infelicis
1219 1722 1382 1785 ingenii
1396 1721 1477 1771 effe
1492 1723 1554 1772 ita
1570 1725 1786 1775 libere‘fa-

335 1798 459 1831 teor:
485 1799 584 1831 nam
604 1783 751 1830 Galeni
765 1786 980 1832 sententia
994 1785 1164 1845 penitus
1196 1783 1315 1836 delet
1342 1785 1679 1849 pharmacopolae
1707 1788 1786 1836 de-

334 1860 496 1894 cretum
515 1864 525 1891 =
551 1862 646 1894 cum
660 1863 777 1895 vetus
795 1848 916 1894 fuerit
930 1862 1025 1895 mos
1037 1848 1252 1896 exrrahere
1263 1852 1421 1905 succos,
1450 1865 1579 1912 atque
1595 1851 1790 1901 conden-

335 1909 423 1958 sare
436 1909 910 1970 eos2quemadmodum
939 1911 1092 1971 legitur
1120 1912 1163 1958 in
1196 1916 1411 1969 Galenum,
1440 1912 1517 1961 lib.
1543 1914 1591 1971 de
1620 1914 1788 1965 Virtute

338 1972 585 2027 Centaureae‚
600 1988 690 2036 cap.
714 1990 754 2032 3.
784 1972 854 2018 ubi
868 1972 1015 2021 docuit
1031 1973 1208 2023 modum
1219 1975 1470 2028 extrahendi
1486 1980 1646 2026 succum
1661 1975 1712 2026 ab
1721 1994 1786 2036 ea,

336 2047 464 2091 quem
481 2034 715 2095 igne-molli
730 2036 878 2096 coquit
893 2035 1035 2083 donec
1047 2037 1330 2087 condensetur
1351 2056 1364 2093 3
1396 2039 1632 2090 extrahitur.
1659 2056 1782 2103 atque

338 2096 567 2146 saccharum
581 2096 837 2146 decoctione
850 2098 1096 2151 arundinum
1108 2105 1294 2158 suarum,v
1328 2110 1371 2153 &
1403 2102 1648 2167 depuratum
1677 2120 1792 2150 con-

340 2158 519 2206 densant
536 2160 738 2219 artifices,
771 2163 879 2212 &in
899 2176 1023 2219 metae
1051 2167 1236 2212 formam
1270 2165 1483 2227 redigunt,
1514 2182 1657 2214 verum
1685 2166 1787 2228 quid

342 2220 452 2269 aliud
467 2224 527 2268 est
541 2221 680 2269 licium
697 2239 974 2286 praeterquam
989 2228 1127 2273 succus
1155 2228 1411 2276 decoffione
1440 2243 1657 2277 ramorum
1687 2229 1794 2278 radi-

341 2298 518 2344 cumque
550 2284 807 2346 pixacanthae
840 2290 1070 2346 extraftus,
1100 2299 1144 2340 δι
1177 2290 1481 2346 condensatus,
1513 2291 1626 2341 idem
1661 2291 1711 2341 fit
1740 2294 1794 2342 de

342 2346 633 2407 Hypocistide,
663 2357 705 2399 &
722 2350 774 2398 de
791 2350 955 2408 Acacia,
987 2353 1102 2400 Aloe
1121 2387 1135 2410 ,
1170 2356 1401 2412 Meconio,
1430 2363 1477 2404 .&
1495 2354 1655 2419 opio}
1680 2371 1791 2418 prae-

341 2422 456 2455 terea
470 2408 665 2461 habemus
681 2413 853 2463 condita
866 2415 1078 2464 esculenta
1091 2416 1246 2466 diversa
1261 2432 1314 2466 ex
1329 2419 1457 2466 succis
1473 2435 1568 2468 cum
1579 2450 1585 2468 ff
1596 2421 1795 2469 saccharo

334 2471 607 2524 condensatis
625 2474 675 2525 ad
689 2480 876 2530 formam
905 2477 1099 2540 solidam,
1127 2494 1174 2530 ut
1186 2480 1489 2533 Diacidoniurn
1507 2500 1519 2530 ε
1537 2491 1581 2534 ὃε
1599 2483 1789 2543 hujusce-

1669 2547 1786 2595 modi
