1967 2833
394 102 474 184 de
511 101 799 182 Atram.
824 95 1084 197 Metal,
1113 97 1331 212 Soryz
1563 140 1596 188 v1
1605 129 1697 215 5¹9

241 227 417 290 pingue,
453 233 495 275 &
515 226 646 288 magis
659 226 839 276 virosum
854 224 1018 275 hoc-est
1047 241 1169 287 grave
1198 230 1319 276 olens
1348 227 1540 277 fulminis
1567 234 1687 285 enim

241 290 419 338 odorem
437 291 615 352 expirat,
644 290 700 338 ita
715 289 830 351 quod
858 289 1081 346 olfastutm
1112 297 1157 341 δι
1188 305 1245 335 eo
1270 290 1398 352 magis
1426 291 1699 355 deglutitum.

170 366 172 369 ·
240 352 496 402 stomachum
513 353 783 410 subvertit‚&-
798 351 1007 402 vomitum
1020 352 1105 400 ciet
1127 371 1136 398 :
1166 353 1247 399 hoc
1265 366 1543 405 atramentum
1559 363 1683 423 Sory‚

237 417 361 463 nullo
377 417 538 478 liquore
554 417 725 466 solvitur
741 416 932 478 quamvis
945 417 1092 464 tritum
1106 415 1151 462 in
1167 415 1256 477 ipso
1271 431 1497 478 mergatur,
1528 428 1571 470 δι
1603 422 1679 470 de-

236 493 451 541 coquatur,
492 483 596 529 teste
618 480 984 532 vivicennaloco
1001 480 1187 541 allegato
1217 481 1266 527 de
1298 482 1574 540 Atramentzh,
1607 484 1680 533 ubi

234 542 315 599 ait,
349 547 449 590 Haec
467 543 836 592 om-nial'olvunt-ur
862 545 907 590 in
934 558 954 589 a
991 559 1052 599 ua,
1083 542 1289 606 praecipue
1319 543 1346 590 fi
1374 544 1676 609 decoquantur,

233 619 386 666 praeter
400 605 560 653 Alsurie
578 606 711 671 ipsum
724 607 842 654 enim
857 609 916 653 est
931 622 978 655 ve
1012 605 1195 652 ementis
1209 608 1403 668 corporei
1410 609 1529 665 tatis,
1562 612 1680 671 quod

234 683 358 715 antea
375 674 549 716 Galenus
564 667 746 731 expreffe
763 669 947 725 tradidit,
976 668 1132 731 quippe
1148 672 1250 732 Sory
1265 685 1356 719 non
1384 671 1615 731 liquescere
1630 674 1676 723 in

233 729 557 779 decoffionibus
574 732 737 781 ratione
753 733 993 796 supradic‘ta,
1009 747 1152 781 verum
1177 734 1291 781 enim
1303 749 1404 781 vero
1420 735 1506 798 ipse
1523 749 1674 797 expet..

232 806 300 839 tus
316 798 404 840 sum
416 794 568 856 pluries
587 796 822 855 decoquere
837 796 903 843 diu
921 796 965 844 in
992 810 1093 855 aqua
1127 800 1229 858 Sory
1249 797 1412 852 tritum,
1446 800 1673 858 praesertim

231 854 312 902 hoc
324 855 514 915 rubeum,
544 874 631 920 quo
661 858 863 906 Veneriis
893 874 975 920 pro
1000 858 1178 919 chalcity
1207 857 1434 907 abutuntur
1461 876 1602 909 verum
1628 862 1672 911 in

227 919 421 979 praedieca
453 937 556 983 aqua
582 920 690 969 nihil
719 920 947 969 substantiae
977 921 1100 982 ipsius
1132 925 1232 984 Sory
1250 924 1444 971 remanfit
1470 928 1668 982 solutum,

227 982 344 1042 quod
359 987 521 1046 sapore,
553 1000 620 1032 aut
635 984 801 1040 colore,
829 985 895 1031 vel
923 983 1058 1031 odore
1084 984 1244 1048 percipi
1268 984 1404 1046 poss'et
1435 1007 1448 1042 ;
1477 986 1668 1047 quinimo

224 1046 493 1105 permanebit
511 1063 612 1109 aqua
628 1046 784 1094 sincera
797 1047 1000 1108 omnique
1019 1047 1219 1108 qualitate
1249 1048 1472 1095 atramenti
1501 1065 1666 1110 expiem,

225 1122 270 1153 ut
286 1123 411 1155 antea
426 1124 526 1166 erat,
557 1126 603 1156 ac
623 1115 727 1172 Sory
744 1124 912 1171 quoque
926 1114 998 1158 suo
1015 1109 1209 1173 pondere
1243 1109 1395 1172 absque
1425 1113 1507 1160 ulla
1538 1113 1666 1160 dimi-

222 1171 400 1219 nutione
418 1172 475 1220 sui
488 1172 673 1234 corporis
689 1172 912 1220 extiterat:
947 1186 1225 1222 veruntamen
1243 1174 1430 1237 validiori
1445 1174 1539 1235 igne
1565 1190 1664 1237 prue
1684 1202 1688 1205 ·

221 1248 371 1281 narum
386 1235 573 1297 liquescit
588 1241 714 1298 Sory,
748 1236 816 1283 sed
833 1235 1004 1283 aliorum
1019 1250 1349 1283 atramentorum
1367 1236 1517 1284 tardius
1534 1253 1661 1299 atque

220 1297 460 1346 difficilius:
489 1299 610 1357 hujus
625 1314 729 1348 vero
756 1300 998 1362 oppositum
1022 1298 1168 1348 accidit
1194 1298 1403 1346 chalcitidi
1426 1314 1545 1359 verae,
1575 1301 1660 1363 ipsa

218 1361 338 1406 enim
355 1363 520 1421 prorsus
536 1361 766 1409 diffolvitur
777 1377 898 1422 aqua,
929 1361 996 1410 vel
1015 1361 1163 1422 quovis
1180 1361 1264 1407 alio
1280 1363 1443 1423 liquore
1473 1364 1659 1412 facilius·

218 1437 302 1483 que
328 1423 516 1485 liquescit
545 1424 652 1486 igni,
675 1437 883 1485 ‚praeterea
919 1424 1073 1486 scripsit
1105 1423 1374 1484 Dioscorides
1400 1427 1658 1476 commisceri

220 1489 327 1547 Sory
343 1484 661 1536 medicamentis
675 1503 764 1549 qrae
781 1487 953 1549 capillos
970 1486 1189 1548 denigrant
1207 1508 1219 1535 ε
1247 1487 1358 1536 idem
1391 1487 1552 1537 assentit
1580 1494 1659 1538 Se==

215 1549 324 1613 rapio
339 1549 797 1614 TmffldeSimplicaex
809 1549 1016 1597 Mineral.
1029 1566 1068 1598 at
1078 1565 1239 1611 *operae-
1251 1552 1435 1612 pretium
1451 1550 1571 1609 est5ut
1587 1554 1658 1601 in-

209 1613 370 1671 jiciatur
384 1612 702 1663 medicamentis
716 1612 857 1661 medio
877 1614 1057 1660 coeiurae
1070 1612 1263 1661 Authore
1284 1613 1423 1662 eAStio
1439 1618 1484 1661 T
1477 1616 1644 1667 etrabili‘
1643 1653 1660 1676 ,

214 1692 261 1736 4.
282 1679 415 1723 Serm.
438 1695 478 1724 2.
494 1693 582 1740 cap.
599 1697 673 1738 25.
701 1675 770 1724 ubi
797 1675 960 1725 asseruit
988 1676 1120 1724 etiam
1151 1679 1283 1723 facere
1301 1679 1497 1725 colorem
1516 1693 1655 1730 atrum

213 1740 334 1796 juxta
350 1738 611 1801 Dioscuridis.
619 1740 865 1789 sententiam
893 1759 904 1785 ε
934 1736 1076 1787 Uritur
1093 1741 1200 1801 Sory
1216 1739 1583 1800 quemadmodum,
1605 1751 1650 1793 δε

212 1801 405 1864 chalcity‚
436 1804 510 1850 etsi
527 1804 572 1852 in
587 1803 743 1851 ustione
757 1800 1035 1863 quodcunque
1050 1804 1157 1864 Soty
1174 1801 1224 1848 fit
1243 1801 1435 1859 rubeum,
1449 1803 1516 1851 sed
1532 1806 1652 1867 quod

212 1879 315 1913 ante
331 1865 539 1913 ustionem
552 1879 641 1916 erat
654 1866 890 1915 naturaliter
903 1862 1075 1912 rubeum
1090 1864 1132 1913 in
1147 1864 1299 1913 eodem
1315 1880 1484 1928 quoque
1499 1869 1651 1917 colore
1671 1906 1674 1907 γ

209 1927 345 1976 rubeo
367 1943 591 1991 permanet
604 1932 699 1990 post
728 1927 936 1975 ustidnem
955 1927 1247 1989 aliquantisper
1272 1943 1417 1976 tamen
1433 1928 1647 1977 diminuto

210 1988 361 2038 rubore
375 1991 481 2041 adeo
497 2007 539 2040 ut
552 1992 734 2041 videatur
758 1990 971 2053 paululum
1000 1991 1233 2052 pallescere
1250 1991 1373 2038 instar
1388 1993 1545 2049 lateris,
1576 2010 1646 2041 ru-

209 2050 419 2114 bescitque
435 2054 578 2103 intima
593 2070 704 2116 pars,
716 2070 809 2116 quae
821 2067 919 2100 ante
935 2053 1138 2103 ustionem
1155 2068 1240 2100 erat
1269 2054 1390 2116 nigra
1412 2073 1422 2099 ε
1453 2054 1550 2102 hinc
1574 2055 1645 2105 in-

207 2117 324 2176 super
338 2116 536 2178 praedieta
550 2119 647 2165 scire
666 2118 768 2165 licet
785 2117 836 2165 ad
852 2117 1058 2175 majorem
1074 2116 1258 2164 veritatis
1284 2118 1643 2178 dilucidationem,
1662 2154 1668 2157 -

206 2179 318 2241 quod
348 2180 393 2227 in
429 2184 533 2244 Sory
561 2197 649 2230 non
677 2179 990 2242 conspiciuntur
1007 2182 1159 2240 >plures
1188 2178 1253 2225 illi
1271 2183 1438 2227 colores
1456 2180 1639 2231 distineri
1666 2218 1669 2220 -

205 2243 298 2304 post
308 2242 401 2301 ejus
419 2243 625 2292 ustionem
639 2258 763 2304 prout
782 2257 1002 2307 portaceus
1030 2243 1163 2289 color>
1176 2242 1382 2300 cinereus,
1417 2243 1639 2293 &rubeus

204 2304 429 2367 flavusque,
440 2307 515 2368 qui
526 2322 668 2355 tamen
683 2321 836 2354 omnes
851 2307 895 2353 in
916 2303 1093 2367 chalcity
1109 2321 1313 2367 apparent
1326 2308 1419 2369 post
1432 2305 1638 2355 ustionem

203 2368 352 2424 veluti,
371 2369 558 2431 prodidit
589 2375 772 2419 Galeam
798 2369 872 2418 lib.
892 2384 931 2415 1.
959 2369 1008 2415 de
1035 2368 1261 2426 Antidotis,
1293 2384 1383 2434 cap.
1408 2386 1481 2431 15.
1513 2369 1638 2418 nihil=

200 2430 371 2478 ominus
386 2448 480 2482 cum
500 2437 607 2498 sory
620 2435 670 2483 fit
687 2433 876 2492 ejusdem
891 2431 1062 2494 generis
1088 2432 1266 2493 poffidet
1294 2433 1402 2483 vires
1418 2432 1646 2480 caliditatis·
1666 2464 1668 2467 -

197 2493 669 2561 sere-fimileschalcity‚
702 2505 750 2548 &
766 2496 888 2559 misy,
916 2494 989 2545 sed
999 2497 1159 2561 superat
1174 2494 1285 2545 eain
1311 2495 1509 2606 ficcitattg,
1527 2496 1651 2607 {din

1346 2573 1473 2608 corto
1503 2573 1524 2606 e
1590 2574 1654 2618 oy
