1967 2833
307 152 324 158 '⁷
393 149 429 230 i
725 144 971 225 Tertia
987 139 1378 257 Descriptio

301 272 490 336 spic-uum
531 268 608 318 erit
651 269 873 333 explicasse
920 274 1120 318 Galenum
1163 270 1263 314 loco
1307 277 1455 329 nuper'
1487 260 1758 328 supracitato}

302 334 440 382 multa
459 349 547 396 quae
564 347 691 395 prout
709 334 1022 382 nutrimentum
1036 331 1332 387 comeduntur,
1365 339 1408 380 &
1426 329 1469 377 in
1485 344 1635 378 ventre
1648 347 1758 379 con-

306 412 571 456 coquuntur,
607 403 647 443 &
667 396 712 443 in
732 396 850 443 venis
868 397 912 444 in
927 396 1172 457 sanguinem
1197 408 1432 451 vertuntur,
1465 407 1658 441 attamen
1687 395 1760 442 illa

301 459 390 506 cuti
422 460 617 524 imposita
646 475 739 507 eam
766 458 948 507 erodunt
976 475 1101 520 atque
1128 455 1763 518 exulcerant,quemadmodum

305 525 401 570 sunt
417 523 567 587 finapi,
599 523 746 578 mutia,
780 522 892 580 allia,
927 519 1558 583 &.caepae‚eodemautemloco
1571 519 1761 568 animad-

303 601 470 633 vertere
481 602 556 635 no3
574 585 715 632 docuit
736 586 821 648 ipse
839 588 997 634 causam
1012 584 1131 643 hujus
1145 581 1590 638 differentiae,alserens
1606 583 1634 628 fi
1649 583 1759 641 allia,

305 649 453 711 finapi,
488 657 530 699 ὅ(
549 649 692 699 fimilia
709 650 812 697 citra
827 650 951 695 alium
968 647 1105 694 cibum
1122 649 1207 693 sola
1237 644 1486 694 assumantur
1501 645 1614 695 intus
1649 647 1761 692 mul-

307 710 400 760 tum
417 712 681 767 molstum&
704 710 1026 759 mot-dicationis
1043 710 1276 759 ventriculo
1292 712 1459 757 allatura
1477 707 1759 771 effe‚quamo-

308 773 429 821 brem
461 778 599 838 palam
643 778 700 822 est
719 790 761 820 ut
781 790 867 822 tam
883 774 1060 821 interius
1079 789 1205 836 quam
1220 772 1399 821 exterius
1414 771 1559 819 eadem
1578 774 1626 819 fit
1641 771 1684 819 in
1701 774 1763 819 eis

308 839 483 886 facultas
503 836 724 900 operandi,
756 839 853 885 viz.
874 837 1029 894 urendi,
1068 846 1112 888 &
1130 835 1416 891 exulcerandi,
1430 851 1520 896 quae
1539 837 1763 883 tamenvis

307 901 568 961 prohibetur,
585 900 858 961 aboleturque
874 900 1123 948 admistione
1140 898 1310 946 alterius
1327 899 1434 944 succi
1446 897 1589 954 dulcis,
1623 899 1690 946 vel
1705 899 1763 945 ci.

312 964 695 1022 bilicomedantur,
728 965 889 1011 etenin
917 962 1178 1011 consuetudo
1207 964 1265 1010 est
1289 960 1545 1012 comedendi
1574 962 1764 1020 hujusce-

309 1027 429 1073 modi
446 1028 552 1075 acria
567 1038 662 1074 cum
679 1027 766 1077 aliis
784 1026 905 1083 cibis,
939 1036 980 1077 δι
1001 1027 1127 1072 succis
1143 1024 1308 1073 admista
1336 1039 1389 1070 ex
1419 1038 1599 1084 quorum
1630 1025 1762 1071 socie-

310 1103 398 1137 tate
417 1090 462 1137 in
485 1092 637 1138 multas
652 1106 784 1153 partes
802 1090 920 1138 divisa
953 1105 1126 1152 quoquo
1155 1092 1292 1135 versus
1316 1091 1526 1144 ferantur,
1554 1103 1647 1134 cum
1672 1103 1762 1135 uno

311 1153 415 1198 loco
433 1169 524 1202 non
540 1169 836 1216 permaneant,
870 1151 940 1199 sed
959 1153 1069 1200 varie
1084 1151 1394 1207 distribuuntur,
1428 1157 1469 1197 δε
1490 1150 1764 1199 acrimoniam

311 1215 526 1273 amittunt,
543 1233 642 1264 nam
659 1217 871 1274 celeriter,
887 1225 933 1266 δε
952 1230 1099 1263 eorum
1125 1214 1375 1269 concoffio,
1398 1221 1455 1263 r&
1489 1214 1670 1277 partium
1699 1219 1763 1261 se-

312 1281 474 1341 paratio
493 1280 722 1342 per-ficitur,
753 1281 813 1327 ita
831 1297 874 1328 ut
888 1279 1004 1341 quod
1020 1278 1274 1327 conveniens
1288 1278 1330 1324 in
1345 1276 1410 1323 eis'
1437 1281 1496 1324 est
1527 1276 1765 1327 affimiletur

313 1342 433 1401 quo:¹
445 1345 805 1405 supervacaneum,
824 1352 868 1394 δε
888 1358 980 1390 acre
996 1358 1069 1403 per
1081 1344 1230 1398 alvum,
1253 1340 1406 1397 urinas,
1424 1347 1464 1386 δε
1484 1340 1676 1388 sudorem
1687 1356 1767 1388 ex-

311 1420 504 1453 cernatur
524 1425 534 1450 τ
551 1409 667 1464 juxta
683 1423 784 1455 vero
796 1408 988 1454 ordinem
1005 1405 1232 1470 inceptum
1248 1404 1433 1464 sequitur
1448 1406 1568 1466 loqui
1584 1404 1637 1457 de
1652 1404 1766 1465 igne,

313 1466 386 1512 ubi
403 1473 576 1517 Galenus
593 1468 757 1518 afferuit
774 1487 826 1517 ex
845 1468 1050 1518 mediocri
1064 1468 1230 1515 flamma
1256 1483 1338 1514 nos
1365 1467 1495 1526 juvari
1522 1482 1618 1516 cum
1648 1482 1765 1515 non-

313 1546 526 1593 nunquam
561 1549 669 1594 opus
697 1534 747 1581 fit
776 1547 841 1590 ea,
872 1550 925 1580 ex
957 1547 1037 1592 qua
1067 1529 1290 1578 immodica
1321 1545 1422 1579 vero
1438 1530 1594 1577 urimur
1609 1531 1767 1577 eodem

317 1595 452 1641 modo
468 1597 659 1661 oppofita
678 1630 691 1650 ,
722 1611 868 1644 tamen
885 1595 1091 1655 qualitate
1102 1593 1239 1641 attulit
1255 1593 1502 1654 exemplum
1517 1608 1645 1653 aquae,
1681 1593 1767 1641 hacc

317 1658 431 1706 enim
450 1658 666 1708 contrariae
683 1659 1002 1720 qualitatisigni
1017 1656 1168 1712 existit,
1186 1655 1344 1702 ideirco
1379 1655 1434 1702 ait
1455 1655 1612 1716 frigidae
1641 1658 1765 1718 potio

318 1734 409 1781 quae
424 1722 643 1770 mediocris
659 1726 718 1769 est
734 1726 923 1778 confert,
953 1737 1044 1782 qua:
1057 1719 1366 1766 immodica-est
1396 1719 1615 1766 maximam
1646 1721 1770 1769 affert

316 1783 551 1832 lesionem:
581 1785 837 1847 hincitaque
855 1789 1032 1832 Galenus
1046 1781 1310 1844 aequiparavit
1337 1781 1619 1839 hujuscemodi
1648 1799 1770 1832 natu-

318 1846 393 1905 ris,
410 1856 450 1899 &
469 1847 737 1909 qualitatibus
755 1847 1084 1904 medicamenta,
1097 1863 1256 1910 nempe
1286 1845 1376 1907 igni
1393 1860 1487 1907 quae
1505 1842 1634 1896 calida
1660 1851 1771 1907 sunt,

323 1917 495 1973 &aquae
512 1913 740 1962 affimilavit
754 1929 818 1969 ea,
850 1928 940 1974 quae
956 1911 1104 1974 frigida
1119 1913 1212 1957 sunt
1229 1930 1241 1966 ς
1280 1917 1322 1958 &
1353 1908 1450 1955 ideo
1478 1910 1638 1972 inquit¹
1668 1912 1768 1973 quid

320 1972 418 2020 miri
433 1976 492 2021 est
507 1974 590 2025 effe
608 1975 864 2024 medicamen
879 1974 1051 2038 aliquod
1068 1973 1174 2020 adeo
1192 1972 1370 2020 calidum
1401 1975 1629 2034 potestate,
1661 1989 1707 2021 ut
1735 1976 1770 2024 fi

321 2041 503 2086 multum
533 2042 625 2098 ejus
656 2042 851 2096 sumatur,
884 2056 929 2088 ac
955 2041 1000 2086 in
1030 2052 1200 2086 vacuum
1224 2046 1377 2098 corpus
1403 2038 1609 2085 inferatur
1623 2039 1773 2097 erodat

319 2105 489 2161 prorsus
506 2118 705 2165 uratquef
729 2104 790 2149 sm
816 2117 917 2151 vero
931 2104 1127 2164 exiguum
1141 2101 1210 2156 sit,
1230 2107 1283 2149 z&
1301 2115 1411 2147 rcum
1443 2099 1508 2146 his
1525 2115 1619 2161 quae
1645 2101 1774 2151 vehe-

322 2165 526 2213 mentiam
557 2168 650 2225 ejus
679 2168 899 2214 remittunt
929 2166 1209 2225 con-junfftum
1225 2179 1315 2211 non
1333 2161 1465 2211 modo
1479 2163 1583 2212 nihil
1601 2163 1769 2214 incom-

322 2227 441 2273 modi
456 2227 599 2277 afferat
613 2241 756 2279 verum
773 2230 901 2277 etiam
915 2227 1306 2285 calfaciendojuvet
1334 2244 1349 2273 ς
1376 2225 1622 2275 lachrimam
1649 2227 1771 2278 enim

323 2293 705 2353 velerenaicam,
741 2295 808 2342 vel
822 2292 1053 2350 Medicam,
1085 2292 1152 2339 vel
1179 2289 1414 2354 Parthicam
1442 2290 1771 2353 ipsamrquidem

323 2358 398 2412 per
413 2358 456 2407 ,se
472 2357 574 2403 citra
591 2356 910 2406 incommodum
928 2360 1089 2404 sumere
1104 2370 1192 2403 non
1206 2357 1282 2411 est,
1306 2368 1351 2401 at
1369 2355 1399 2401 fi
1413 2353 1595 2400 omnino
1610 2356 1773 2416 exigua,

326 2416 391 2462 vel
424 2433 515 2464 cum
546 2418 635 2466 aliis
663 2420 707 2468 in
739 2416 1306 2483 tempore-congruente·.fit
1333 2421 1498 2481 sumpta
1515 2432 1773 2479 magnopere

324 2478 518 2528 conducit
538 2501 549 2527 :
567 2482 674 2529 aliud
691 2483 853 2531 adducit
869 2484 1114 2544 exemplum
1131 2479 1440 2537 medicamenti,
1457 2479 1500 2527 in
1518 2487 1568 2526 c'u
1571 2482 1636 2538 jus
1652 2497 1771 2528 com·

328 2542 586 2609 pofitionem
612 2545 897 2609 ingrediuntur
929 2543 1239 2602 Cantharides‚
1272 2542 1387 2607 quod
1415 2542 1772 2652 medicahmeintum

1593 2621 1616 2669 y
1649 2620 1768 2654 eneis
