1967 2833
666 9 780 126 Ad
800 36 1221 124 tenorem:

211 179 333 233 meri
356 199 372 231 2
412 192 562 233 nemo
582 189 749 232 tamen
766 191 940 229 eorum
960 174 1266 229 Medicinam
1286 170 1335 225 in
1362 170 1526 243 lucem
1543 169 1667 233 seri-1

201 255 305 323 ptis
324 267 566 307 erexerat,
597 252 661 303 ita
677 265 730 300 ut
744 247 805 300 ad
820 264 917 300 nos
942 262 1046 298 tuta
1079 250 1379 317 integraque?
1402 250 1661 317 pervenire

211 323 468 396 potuisset:
497 320 584 379 nifi
605 325 905 396 Hippocrates
934 328 1056 372 Cim
1092 319 1288 374 divinus
1322 316 1404 372 ille
1423 320 1568 373 senex
1601 320 1665 375 ab

214 397 500 451 Inferissere
518 414 626 450 eam
654 391 943 460 revocasset,
984 392 1083 465 ipse
1113 391 1246 447 enim
1265 391 1531 447 Medicinae
1549 393 1665 448 fun·

211 470 449 525 damenta
478 471 632 539 jecit:
671 469 782 522 huic
811 482 929 520 cum
960 467 1143 537 primis
1178 464 1486 538 temporibus
1517 467 1666 523 instat

211 543 370 599 foetus
404 559 570 599 recens
601 541 834 615 concepti
863 538 978 594 esset
1009 538 1262 594 Medicina
1292 539 1458 594 induo
1475 553 1668 595 tantum

213 618 514 682 lineamenta
548 620 611 672 ita
640 614 882 684 confusa,
919 626 972 667 ut
1004 612 1152 667 rudes
1182 611 1685 668 adumbratiun'culae..

216 690 566 746 membrorum
611 687 1042 758 conspicerentur,
1095 684 1312 741 succeffit
1342 686 1546 740 Galenus
1582 684 1678 759 qui

217 763 664 819 sommaindusttia
680 761 904 834 pluribus
920 760 1207 831 conscriptis
1238 759 1582 816 voluminibus
1608 761 1670 816 il-

214 837 441 893 lustravit
458 854 589 896 eam,
607 852 663 888 ac
681 834 924 889 methodo
941 834 1303 899 distinstiorem
1322 834 1447 906 egit:
1465 851 1567 888 non
1585 835 1671 889 de-

217 912 514 979 fueruntalii
533 911 843 982 superiorum
873 905 1082 974 affeclae,
1119 909 1212 962 viri
1236 908 1470 979 equidem
1487 910 1675 982 egregii

220 999 329 1038 tum
366 986 553 1054 Gtaeci‚
592 999 699 1036 tum
736 981 951 1051 Arabes,
988 997 1136 1051 atque
1170 980 1359 1052 Latini,
1393 983 1481 1052 qui
1507 983 1590 1035 dit-,1
1620 999 1676 1050 af

221 1057 651 1129 cerrimoingenio
683 1055 728 1133 se
746 1069 1029 1110 exercentes
1044 1056 1093 1109 in
1126 1072 1175 1109 re
1206 1056 1411 1110 Medica
1441 1055 1677 1115 excolue-

223 1146 480 1199 runteam,
516 1132 859 1201 veterumque,
892 1128 1121 1184 brevitati
1139 1129 1424 1201 supplerunt
1448 1130 1678 1200 quinimo

224 1222 400 1259 eorum
431 1205 670 1276 exemplo
701 1204 1046 1258 excitatinova
1074 1202 1161 1264 (ad
1196 1204 1458 1255 hominum
1493 1204 1674 1272 utilitae

223 1284 362 1345 tem)
406 1279 740 1334 condiderunt
770 1276 1102 1350 superioribus
1135 1277 1386 1349 incognita
1431 1274 1496 1329 fic
1530 1277 1679 1348 igitur

194 1356 197 1359 ’
226 1369 336 1406 tum
371 1351 663 1407 invenienda
698 1349 919 1406 universa
957 1349 1199 1422 Apollinea
1241 1347 1530 1421 disciplina³
1566 1363 1676 1405 tum

221 1427 369 1480 etiam
401 1424 710 1493 stabilienda,
757 1441 873 1478 cum
907 1426 961 1477 &
991 1420 1347 1495 amplificanda
1374 1423 1591 1476 multum
1622 1442 1677 1477 e-

226 1499 534 1569 laborarunt,
569 1513 621 1551 ut
639 1498 737 1572 ipsa
753 1497 1138 1570 locupletaretur
1158 1495 1394 1551 humanae
1409 1497 1575 1568 gentis
1590 1497 1679 1551 be-

228 1570 415 1627 neficio
434 1592 450 1621 .·
493 1574 751 1646 pauciores
782 1587 948 1626 tamen
967 1569 1352 1644 compet-risum,
1381 1572 1679 1640 quitantum

226 1648 486 1717 negotium
524 1644 756 1718 perficere
786 1647 1060 1717 potuerint,
1097 1645 1218 1715 quin
1248 1645 1455 1717 posteris
1470 1660 1684 1718 compa<

231 1720 574 1774 randaelaudis
591 1719 810 1791 aliquam
829 1717 1142 1773 occasionem
1171 1718 1475 1789 reliquerint,
1515 1718 1680 1773 bista-
1714 1733 1718 1736 ’

229 1811 346 1855 men
374 1795 526 1865 gratia
558 1792 797 1847 debemus
836 1792 974 1862 quod
1004 1791 1277 1847 multorum
1312 1791 1574 1847 excitarint
1601 1794 1674 1846 in-

228 1868 370 1938 genia
408 1895 424 1935 3
481 1865 823 1929 Vetustiorum
857 1870 989 1920 enim
1020 1881 1171 1938 opera
1201 1868 1255 1921 δι
1283 1866 1492 1921 inventis
1526 1865 1682 1936 adjuti
1731 1929 1741 1933 A

233 1943 411 1994 certius
442 1943 491 1994 &
523 1940 682 1995 verius
715 1939 900 2011 alitpiid
931 1941 1180 2011 explicare
1213 1953 1499 2011 potuerunt,
1536 1954 1684 2011 atque

234 2030 390 2070 novas
420 2013 510 2067 fibi
543 2014 787 2077 formulas
817 2012 1075 2082 mitiorum
1110 2013 1510 2067 Medicaminum
1541 2014 1678 2068 inve-

233 2089 367 2154 nire,
411 2091 462 2143 ὃς
494 2087 714 2141 condere
733 2130 748 2155 ,
787 2103 1007 2157 quorum
1038 2084 1180 2139 usum
1211 2087 1412 2141 retinuit
1440 2086 1688 2158 posterior

237 2175 372 2227 aetaS,
410 2160 647 2232 negledtis
665 2165 906 2217 Veterum
926 2159 1198 2229 Remediis‚
1221 2157 1305 2216 etfi
1325 2159 1486 2228 aliqua
1502 2177 1683 2214 eorum

235 2235 395 2287 adhuc
415 2236 462 2287 in
483 2234 621 2290 usum
638 2233 803 2288 habita
823 2233 914 2288 sint
930 2235 1108 2305 optatis
1124 2250 1229 2288 non
1249 2230 1685 2304 respondentmam

234 2308 389 2360 inerte
405 2305 684 2378 composita
699 2307 807 2363 sunt
830 2306 1409 2376 medicamenta‚idcireo
1425 2323 1525 2361 non
1557 2306 1683 2360 salu-

235 2382 356 2434 taria
375 2379 611 2453 evadunt,
652 2396 801 2453 prout
817 2381 948 2454 apud
967 2395 1152 2441 veteres
1169 2395 1327 2451 erant,
1361 2380 1688 2437 imoiinnoxia

239 2469 622 2512 commutantur
637 2455 778 2531 quod
796 2455 977 2527 evenit,
1017 2470 1133 2511 nam
1152 2452 1448 2528 simplicium
1468 2452 1700 2522 medica-7

1398 2539 1683 2582 mentorum
