1967 2833
255 121 424 230 446¹
707 100 912 196 Sexta
931 107 1316 226 Deftrt‘ptio

257 247 435 310 nequit:
469 243 538 294 sed
569 244 800 308 respeffiv'e
827 243 1025 291 dicuntur
1057 241 1277 304 fimplicia,
1314 239 1412 301 quia
1444 238 1723 293 ad·naturam

256 311 390 373 magis
420 308 652 372 simplicem
681 307 1027 370 approximantur
1045 341 1060 362 ‚
1092 304 1250 352 idcirco
1281 307 1463 353 Galenus
1498 305 1572 354 lib.
1610 322 1645 353 1.
1676 309 1756 355 ‘de‘

261 371 457 437 Simplic.
478 372 820 421 es‘lledicament.
848 374 1068 417 facultas.
1099 384 1187 431 cap.
1211 388 1250 428 ς.
1288 368 1336 413 de
1349 371 1499 431 Aqua,
1530 369 1734 431 prodidit,

264 454 345 486 nec
367 437 658 498 aquasmcera,
693 452 769 483 nec
789 433 897 481 aliud
923 434 1251 481 Elementorum
1280 431 1549 489 senfibilium,
1582 433 1652 480 sed
1684 449 1731 483 ut

263 500 314 549 ad
331 503 509 555 sensum,
543 507 586 548 δι
603 503 717 546 usum
735 498 888 546 sincera
904 498 979 553 est,
1018 503 1057 543 &
1079 496 1120 543 in
1138 495 1210 541 lib.
1230 494 1519 556 Hippocratis,
1537 496 1588 543 de
1616 499 1726 559 Ka-

266 580 368 612 tura
385 565 601 618 Humana,
629 565 917 609 Commenta.
953 566 1110 607 Senten.
1133 563 1205 617 38.
1243 559 1416 621 repetit,
1449 575 1595 622 purum
1626 577 1726 609 vero

269 628 536 674 elementum
555 625 699 687 potius
716 624 1005 684 intelligentia
1022 621 1264 684 percipitur,
1296 637 1424 682 quam
1438 637 1484 668 ut
1505 623 1572 678 sit,
1610 638 1726 670 caret

269 689 412 750 itaque
428 690 694 736 elementum
712 689 887 748 simplex
904 686 924 729 .·’
953 688 1179 734 Elementa
1209 684 1328 732 enim
1359 685 1578 732 constituit
1608 689 1731 734 Deus

270 754 567 814 Omnipotens
584 750 668 797 hoc
683 750 856 806 ordine,
870 765 914 797 ut
933 765 1085 796 mutto
1099 749 1211 796 inter
1226 751 1267 797 se
1285 763 1618 806 commutentur,
1645 766 1732 798 no-

272 816 350 864 luit
367 830 510 863 tamen
526 829 655 862 unum
670 815 714 861 in
734 815 910 860 alterum
934 813 1109 876 penitus
1137 811 1305 865 resolvi,
1339 827 1479 860 vetum
1507 813 1738 874 permixtio

273 894 425 926 eorum
439 882 603 937 semper
616 875 732 926 fitne
749 875 901 926 Mundi
933 874 1127 923 machina
1156 888 1333 936 pereat:
1362 873 1513 922 idcirco
1544 874 1740 925 ambiens

276 958 344 988 aer
357 956 503 988 tuetur
519 956 658 988 aerem
674 940 933 1002 permixtum
947 953 1074 998 aquae,
1106 955 1151 985 ac
1167 953 1266 985 eum
1297 937 1479 998 impedit
1510 939 1555 985 in
1587 955 1737 1000 aquam

280 1005 467 1060 omnino
481 1003 601 1062 verti,
632 1011 679 1058 >ὃ(
699 1004 750 1050 fic
781 1002 834 1050 de
866 1001 1038 1063 singulis
1067 999 1329 1048 censendum
1365 1015 1613 1062 argumento
1642 1004 1739 1048 sunt

278 1067 504 1129 praedi&a:
535 1066 818 1128 quamobrem
834 1067 1151 1114 elementorum
1168 1064 1488 1112 distinfflonem
1516 1081 1568 1112 ex
1602 1081 1738 1126 gene-

281 1132 355 1179 rali
370 1129 588 1179 discretiva
605 1128 738 1191 figura
752 1130 960 1191 capiemus
993 1144 1004 1173 ε
1036 1128 1364 1175 Elementorum
1395 1142 1536 1176 autem
1563 1132 1743 1188 primum

283 1192 402 1255 quod
416 1193 536 1241 citius
554 1194 792 1254 faciliusque
807 1193 910 1241 fluat
927 1193 985 1238 est
1001 1206 1119 1253 aqua,
1149 1192 1256 1238 teste
1269 1194 1432 1247 Galeno,
1453 1187 1681 1247 Comment.
1701 1207 1742 1238 1.

284 1257 325 1304 in
339 1255 412 1304 lib.
431 1257 716 1321 Hippocratzls,
732 1257 779 1304 de
794 1253 1021 1305 Humorib.
1052 1258 1119 1301 Ita
1146 1250 1351 1302 afferente
1381 1255 1619 1317 pervulgata
1635 1271 1741 1317 qua-

284 1335 379 1369 tuot
396 1321 613 1368 elementa
628 1335 804 1380 quotum
821 1319 955 1381 longe
971 1315 1308 1381 principemeffe
1326 1333 1472 1378 aquam
1484 1317 1700 1365 stat-nimus
1728 1336 1742 1363 :

287 1384 452 1431 etenim
480 1388 697 1432 elementa
714 1386 806 1432 sunt
838 1395 1032 1444 quatuor,
1056 1396 1156 1442 ,quae
1186 1380 1464 1443 proportione
1482 1381 1746 1442 respondent

289 1445 552 1503 humoribus,
583 1461 629 1492 ut
650 1448 736 1508 ipse
755 1448 935 1494 Galenus
952 1442 1237 1493 affensitloco
1251 1459 1388 1505 nuper
1402 1445 1666 1506 supracitato,
1700 1452 1745 1493 &

289 1509 365 1557 lib.
386 1526 425 1558 1.
446 1512 493 1556 de
510 1508 794 1558 Naturalibus
825 1513 1040 1557 Facultat.
1070 1522 1161 1567 cap.
1179 1512 1224 1554 6.
1244 1506 1320 1562 ait,
1353 1508 1652 1556 Elementares
1680 1513 1747 1558 fa-

289 1573 469 1621 cultates
485 1576 579 1619 sunt
595 1572 836 1628 humiditas,
868 1571 1041 1627 siccitas,
1073 1569 1276 1628 caliditaS‚
1306 1577 1348 1620 &
1366 1570 1594 1631 frigiditas,
1630 1571 1686 1619 ita
1701 1589 1748 1619 a-

292 1637 489 1697 nalogice
517 1635 787 1684 affimilantur
817 1651 949 1697 aquae,
979 1632 1079 1689 aeri,
1110 1632 1222 1694 igni,
1254 1640 1294 1680 &
1329 1647 1479 1692 terrae3
1515 1650 1566 1681 ex
1598 1634 1751 1695 quibus

290 1699 417 1747 dietis
433 1697 786 1760 deprehendimus
801 1715 945 1760 aquam
960 1696 1197 1760 aequiparari
1211 1695 1443 1757 phlegmati
1475 1695 1604 1742 ambo
1631 1699 1752 1761 frigi.

290 1761 347 1809 da
364 1764 457 1810 sunt
477 1771 519 1813 &
536 1759 719 1817 humida,
755 1761 885 1810 veluti
899 1761 945 1807 in
960 1774 1239 1821 quartaaetate
1272 1761 1433 1815 senum,
1463 1759 1508 1808 in
1536 1758 1600 1807 his
1614 1763 1749 1821 calor,

297 1834 342 1876 &
376 1825 525 1874 humor
554 1824 812 1878 minuuntur,
847 1822 1203 1886 quemadmodum
1232 1822 1365 1870 voluit
1396 1827 1573 1871 Galenus
1597 1824 1671 1873 lib.
1696 1828 1748 1874 de

299 1889 587 1947 Humoribus3
625 1887 695 1934 sed
713 1901 969 1938 revertamus
982 1885 1032 1934 ad
1045 1886 1280 1933 institutum
1298 1888 1499 1941 nostrum,
1518 1886 1587 1933 ubi
1604 1888 1751 1940 Chaos

299 1953 520 2000 metallicae
539 1965 661 2001 tetrae
693 1952 739 1998 in
766 1951 925 2013 singula
939 1949 1156 1996 elementa
1181 1949 1470 1998 resolvendum
1485 1949 1534 1996 fit
1555 1968 1570 2004 3
1602 1953 1646 2000 in
1663 1955 1751 2014 pri..

301 2016 381 2064 mis
397 2012 604 2063 extillabit
627 2013 824 2077 phlegma
836 2012 964 2075 gradu
979 2011 1089 2073 ignis
1103 2013 1258 2076 prime,
1289 2027 1413 2074 prout
1425 2012 1582 2062 balneo
1609 2019 1749 2076 maris,

299 2094 533 2139 caeteraque
549 2091 624 2139 per
637 2078 744 2125 alios
756 2077 905 2139 gradus
923 2075 1106 2124 diversos
1123 2074 1365 2131 eliciuntur,
1391 2077 1750 2137 quemadmodum

301 2142 490 2203 exposcit
508 2156 655 2189 eorum
672 2155 815 2190 natura
829 2139 999 2196 diversa,
1026 2140 1173 2186 horum
1188 2139 1344 2201 quippe
1360 2140 1464 2188 tatio
1478 2138 1606 2188 nobis
1621 2146 1756 2203 favet,

305 2218 434 2266 atque
463 2203 686 2253 auotoritas
713 2202 925 2255 celebrum
953 2202 1220 2266 scriptorum,
1249 2218 1341 2263 quae
1369 2202 1514 2252 omnia
1542 2205 1751 2266 approbat

306 2265 824 2328 experientiaflillationis
838 2266 976 2324 hujus,
1005 2281 1165 2328 nempe
1182 2266 1420 2314 chalcanthi
1431 2265 1510 2314 effe
1527 2265 1638 2315 hunc
1664 2285 1754 2318 ter-

305 2330 484 2384 minum,
501 2344 547 2375 ut
561 2330 703 2390 primo
716 2328 821 2377 fluat
836 2329 1039 2391 phlegma
1050 2328 1199 2376 humor
1216 2328 1449 2392 adaequatus
1465 2331 1686 2379 elemento
1702 2334 1758 2381 fi·

307 2408 357 2442 ve
371 2391 705 2453 qualitatiaquae,
732 2392 980 2439 hoc-autem
1012 2392 1207 2453 sequenti
1232 2396 1431 2454 exemplo
1456 2392 1752 2454 apertissimum

283 2480 285 2482 ·
306 2456 418 2504 erit:
447 2454 640 2516 Eligatur
656 2456 796 2516 itaque
812 2454 1028 2526 Ciprium,
1054 2469 1123 2502 aut
1139 2454 1483 2513 Romanum‚aut
1495 2460 1754 2517 Hungarum‚

307 2533 378 2566 aut
405 2518 576 2584 alterius
593 2519 764 2582 generis
778 2517 1024 2579 Vitnolum‚
1055 2517 1171 2580 quod
1199 2519 1332 2582 magis
1360 2517 1512 2571 arridet
1539 2521 1756 2583 magisque

1475 2583 1751 2647 commodum
