1967 2833
294 127 439 213 340
564 135 568 139 ·
692 101 948 211 Qinta
982 93 1378 213 Descriptio

295 236 367 273 um
388 225 487 273 inde
498 223 639 274 omnia
654 226 703 273 ad
719 227 904 273 invicem
916 226 1065 273 exerere
1082 224 1558 286 decoquantur,demum
1576 225 1749 276 immet·-

297 303 449 349 gantur
467 290 511 336 in
526 305 584 336 eo
613 289 793 351 virgulae,
828 297 872 338 &
901 289 1126 351 frigescere
1160 289 1484 350 permittantur,
1515 293 1754 339 concrescet

298 351 416 397 enim
444 367 615 412 gumma
644 354 752 400 circa
777 352 913 413 virgas
941 352 1132 399 colorata
1167 353 1291 400 instar
1308 351 1521 417 lachrymae
1540 353 1754 415 sanguinis

299 413 527 461 Draconis.
591 417 719 463 Alter
751 415 909 477 sanguis
939 415 1152 463 Draconis
1185 413 1467 471 adulteratus,
1504 421 1545 463 &
1577 416 1753 464 fietitius

299 477 555 538 conspicitur
573 473 789 540 'appensus
820 479 863 526 in
891 477 1073 526 officinis
1102 475 1520 540 pharmacopolarum
1534 479 1578 527 in
1591 479 1764 527 rotulas·

301 539 632 597 circumvolutus,
666 540 737 601 qui
750 542 1030 603 componitur
1048 555 1102 586 ex
1119 539 1624 601 pseudo-bolo-armeno,
1637 542 1755 589 rubia

304 602 541 650 tine’torum
557 606 703 660 refina,
734 620 782 651 ac
794 602 1077 666 dragacantbo
1094 604 1213 651 simul
1228 603 1369 651 mixtis
1390 623 1402 659 ;
1433 619 1502 651 aut
1521 621 1572 650 ex
1588 605 1755 667 sangui-

302 682 360 712 ne
377 666 555 722 hircin0,
584 665 731 722 sorbis,
765 684 811 713 ac
827 669 1005 715 laterum
1019 667 1188 730 pulvere
1205 666 1248 713 in
1266 682 1396 714 unum
1422 666 1598 716 redaffis
1626 687 1639 714 ε
1672 670 1755 715 hoc

299 729 471 776 fallaces
490 730 659 790 quidam
678 730 1008 792 pharmacopolae
1025 728 1165 777 affueti
1180 728 1321 777 album
1350 745 1432 793 pto
1447 730 1578 792 nigro
1594 731 1753 779 vende·

305 806 363 846 re,
396 793 480 849 jam
495 793 550 839 ufi
566 797 594 839 fr.
610 808 753 850 erunt,
779 793 864 842 vice
884 792 1100 849 naturalis,
1128 801 1169 842 &
1189 793 1279 841 veri
1291 793 1496 855 sanguinis
1508 794 1754 842 Draconis:

305 855 411 900 olim
421 871 587 919 quoque
606 854 922 904 barbitonsores
940 857 1173 905 nescientes
1191 854 1356 904 bonum
1374 860 1398 902 a
1416 861 1531 905 malo
1561 857 1771 920 seligere,

307 916 595 975 hujuscemodi
611 919 807 980 sanguine
824 919 1035 966 Draconis
1052 918 1274 980 sophistico
1304 918 1594 967 conficiebant
1624 922 1757 971 mala-

307 995 468 1040 gmata,
508 988 543 1027 δέ
569 983 758 1029 seretis
776 984 922 1031 offium
938 982 1158 1030 medendis
1174 981 1442 1043 imponebat,
1474 983 1758 1044 quemadmo-

307 1043 422 1098 dum,
458 1051 499 1092 &
518 1043 796 1093 t‘abrirurales
811 1045 861 1094 ad
885 1060 1031 1107 equo&
1067 1052 1108 1094 δε
1144 1044 1274 1093 boves
1303 1043 1537 1093 medendos
1562 1043 1614 1092 ab
1643 1061 1759 1095 extra

310 1105 533 1153 admovere
551 1111 864 1168 consueverunt.
927 1113 1089 1157 Verum
1109 1107 1323 1156 hodierno
1351 1122 1545 1169 tempore
1573 1109 1761 1168 hujusce-

310 1168 426 1233 frodi
438 1171 586 1215 rotulae
605 1172 813 1233 sanguinis
830 1171 1037 1220 Draconis
1067 1172 1150 1219 falfi
1172 1169 1224 1218 ab
1240 1173 1307 1218 usu
1333 1171 1552 1218 medicinae
1569 1174 1662 1220 sunt
1682 1189 1759 1234 pe·-

311 1232 423 1279 nitus
439 1234 637 1294 explosae.
708 1233 875 1282 Idcirco
891 1234 935 1282 in
951 1231 1189 1294 quibusdam
1207 1233 1392 1282 officinis
1415 1234 1603 1283 videntur
1619 1236 1760 1295 potius

311 1295 558 1364 ornamenti
570 1297 718 1359 gratia,
752 1311 879 1366 atque
897 1314 940 1345 ut
956 1296 1202 1344 decantetur
1219 1312 1442 1345 commune
1459 1297 1650 1345 omnium
1665 1313 1761 1346 ver-

312 1355 426 1415 bum,
454 1374 532 1407 viz.
548 1361 754 1423 reperitur
769 1376 814 1409 in
830 1359 1011 1410 officinis
1026 1359 1444 1422 pharmacopolarum
1471 1363 1528 1411 de
1560 1359 1762 1422 quolibet

312 1436 469 1482 genere
484 1424 751 1472 musicorum.

677 1613 761 1697 C
794 1616 875 1696 Α
905 1618 990 1699 Ρ.
1056 1615 1136 1696 X
1163 1618 1246 1702 V
1268 1616 1386 1701 ΙΙ.

502 1747 642 1828 'De
663 1744 1049 1847 Cinnabari,
1093 1764 1190 1841 (φ
1214 1749 1559 1835 Minio·
1612 1842 1615 1843 ᾗ

317 1924 582 2036 Constat
623 1924 823 1984 equ-idem
855 1922 1079 1974 dissensisse
1108 1930 1293 1975 Veteres
1323 1926 1437 1975 inter
1467 1927 1510 1973 se
1538 1927 1593 1977 de
1605 1928 1768 1978 historia

389 1998 422 2033 A
436 1983 708 2044 CinnabariS,
739 1996 782 2038 &
801 1987 944 2045 Minii,
978 1988 1092 2051 quod
1109 1989 1383 2039 nihilominus
1400 2004 1542 2052 parum
1556 1996 1683 2041 refert
1698 1992 1769 2039 in-

316 2047 612 2108 telligentibus
629 2051 882 2112 scriptorum
897 2067 1084 2110 mentes,
1097 2067 1272 2114 quatum
1285 2068 1520 2116 conceptus
1537 2055 1768 2104 sententia-

318 2125 368 2159 ve
385 2110 508 2158 facile
534 2113 776 2176 percipitur,
808 2115 837 2160 fi
863 2113 1040 2162 studiose
1065 2115 1370 2180 inspexerimus
1397 2118 1616 2167 materiam
1643 2133 1771 2179 quam

315 2171 582 2223 differuerunt
606 2175 696 2239 ipli,
729 2192 774 2223 ac
799 2177 890 2234 ejus
918 2179 1165 2227 facultates:
1207 2187 1249 2230 &
1282 2181 1312 2228 fi
1339 2179 1447 2242 apud
1476 2181 1770 2242 ‘Dioscoridem

319 2250 546 2306 tantopere
561 2238 814 2297 cinnabaris,
835 2247 878 2290 &
897 2240 1074 2289 minium
1091 2243 1314 2304 pigmenta
1328 2247 1495 2292 fuerunt
1510 2245 1667 2294 diversa
1685 2260 1771 2292 no-

317 2314 450 2354 mma,
484 2307 527 2349 &
546 2300 767 2351 substantia
788 2318 906 2366 patet
933 2303 1052 2351 enim
1078 2305 1290 2366 corripere
1309 2305 1605 2356 existimantes
1618 2311 1771 2358 cinna-

318 2359 452 2419 barim
477 2359 563 2410 effe
594 2364 705 2413 idern
734 2382 827 2414 cum
854 2366 1021 2425 minin,
1049 2382 1157 2428 quos
1186 2368 1450 2431 Dioscorides
1478 2369 1565 2432 ipse
1578 2371 1789 2431 deridet3·

319 2427 648 2484 Verumtamen,
680 2427 769 2476 aliis
798 2429 980 2493 antiquis
1008 2429 1270 2492 scriptoribus
1296 2430 1578 2484 celeberrimis
1603 2440 1793 2485 fuerunt·

320 2501 466 2547 unum,
503 2494 543 2538 &
562 2489 692 2552 idern,
722 2491 876 2557 quippe
890 2491 1132 2561 cinnabaris,
1167 2502 1210 2548 δι
1236 2496 1414 2565 minium
1441 2498 1552 2564 apud
1565 2514 1647 2552 eos
1659 2500 1777 2610 essim

1719 2577 1778 2611 κο
