1967 2833
382 41 461 124 de
482 32 766 122 Atram.
802 30 1370 147 divesscoloribus.
1525 61 1636 149 3²³¹,

547 321 630 406 C
667 323 746 405 A
787 322 875 402 P.
950 320 1037 406 V
1062 317 1159 405 ΙΙ
1193 324 1255 403 Ι.

192 457 315 541 De
355 460 679 571 ,Purpura
725 477 1048 551 veterum,
1092 450 1391 565 &ipfius
1438 451 1638 566 diffle{

755 570 1043 683 ..remiis-

196 747 549 864 ANtiquitus
579 765 752 812 purpura
772 747 862 797 ‘fuit
880 746 1043 809 insigne
1070 747 1364 795 Romanorum
1377 740 1640 806 Magistratu}

330 827 400 858 um
414 810 533 859 valde
550 814 832 873 splendidum,
864 811 1017 857 exinde
1035 810 1360 872 Imperatorum,
1394 816 1437 857 δε
1471 811 1638 867 Regum

194 876 325 920 *vestes
341 890 551 937 purpureo
567 878 711 924 colore
727 876 835 936 tingi
851 878 1099 922 consuetum
1115 872 1192 918 fuit
1213 892 1223 918 :
1250 877 1409 918 Verum
1422 874 1541 918 enim
1566 886 1639 918 ve-

197 950 334 983 terum
348 952 538 1000 purpurae
553 945 642 986 usus
661 944 826 1001 prorsus
843 937 981 1000 periit,
1012 936 1184 991 idcirc-0,
1217 936 1296 981 alia
1324 932 1429 992 (boc
1449 936 1555 995 aevo)
1585 933 1640 978 il-

199 997 277 1045 lius
295 998 428 1048 vicem
440 1000 564 1062 gerit,
597 1002 664 1050 illa
679 1019 730 1050 ex
745 999 1009 1055 animalibus,
1042 1014 1211 1059 nempe-
1224 1013 1277 1044 ex
1292 996 1459 1044 conchis
1473 995 1642 1044 marinis

145 1062 148 1066 ’
198 1060 498 1110 detrahebatur
515 1082 524 1108 ι
543 1063 630 1111 haec
646 1082 783 1113 autem
798 1083 849 1113 ex
863 1064 1009 1124 planta
1026 1077 1165 1110 ortum
1180 1060 1289 1108 ducit
1305 1078 1315 1104 ε
1331 1062 1532 1107 Praeterea
1546 1074 1641 1107 cum

199 1122 418 1172 habuerint
432 1126 550 1187 prisci
566 1143 634 1175 tot
651 1127 909 1176 differentias
925 1125 1081 1172 coloris
1099 1124 1303 1188 purpurei,
1336 1123 1417 1170 hoc
1444 1128 1557 1170 forte
1584 1123 1642 1184 via

197 1191 287 1235 sum
303 1191 376 1235 fuit
394 1189 591 1236 omnibus
608 1193 776 1249 mirum,
808 1189 954 1252 quibus
983 1189 1109 1236 causis
1137 1187 1295 1249 ignotae
1327 1190 1494 1236 fuerunt
1513 1206 1527 1242 ;
1564 1202 1641 1247 ap-

197 1251 408 1312 pellarunt
423 1253 538 1300 enim
554 1270 718 1303 veteres
739 1270 926 1302 auroram
942 1267 1205 1313 purpuream,
1221 1253 1326 1298 teste
1342 1249 1589 1306 Ovidio,lib.
1600 1267 1641 1309 3.

170 1371 173 1374 ,
201 1317 417 1361 eylsletam.
453 1324 495 1365 &
527 1318 855 1376 pronunciarunt
883 1321 976 1363 Ver
999 1329 1249 1375 purpureum
1264 1348 1278 1369 ,
1319 1329 1442 1375 atque
1475 1317 1638 1362 Aerem

195 1393 459 1439 purpureum,
487 1394 530 1425 ut
549 1380 729 1429 Ovid.6.
745 1380 817 1428 lib.
837 1382 1053 1428 Metam.
1073 1386 1115 1427 δε
1133 1375 1367 1442 Virgil.lib.
1389 1394 1427 1436 3.
1447 1377 1638 1423 eAEneid.

200 1447 242 1487 &
263 1442 517 1500 Sanguinem
532 1459 782 1506 purpureum
797 1442 953 1502 scripsit
967 1445 1196 1496 Homerus,
1227 1455 1269 1486 at
1299 1455 1452 1487 nonne
1480 1439 1640 1488 dicium

193 1503 270 1551 fuit
289 1519 541 1567 purpureum
557 1507 783 1563 Indicum,·
802 1505 987 1568 quamvis
1002 1519 1286 1568 pavonaceum
1304 1506 1372 1559 fit,
1408 1511 1450 1552 &
1467 1502 1641 1563 Diosco-

195 1567 310 1614 rides
328 1567 413 1630 ipse
427 1567 611 1627 prodidit
626 1571 718 1618 fieri
734 1571 928 1617 Indicum
943 1583 994 1615 ex
1008 1571 1148 1630 spuma
1164 1583 1381 1629 purpurea,
1415 1581 1504 1626 quae
1518 1566 1638 1614 inna-

193 1644 256 1677 tat
274 1629 470 1686 cortinis‚
501 1633 652 1693 quibus
668 1633 789 1680 bullit
807 1635 997 1696 glastum,
1030 1631 1145 1688 cujus
1162 1633 1334 1678 facultas
1364 1634 1422 1677 est
1444 1634 1640 1678 coeruleo

192 1692 362 1741 inficere
392 1696 556 1742 colore.
633 1700 796 1744 Verum
824 1711 946 1758 arque
976 1693 1153 1741 Violam
1181 1697 1409 1751 mamolam
1437 1707 1639 1740 vocarunt

194 1771 462 1819 purpuream,
475 1772 607 1817 quam·
618 1760 763 1819 vulgus
780 1759 976 1806 nominat
992 1771 1285 1816 pavonaceam‚
1309 1770 1434 1818 prout
1447 1757 1505 1800 est
1520 1757 1640 1817 equi-

193 1819 291 1867 dem
308 1838 319 1864 :
335 1819 701 1881 Coelestinumque
733 1820 948 1884 hyacinthi
975 1819 1128 1867 florem
1147 1823 1384 1869 -voluerunt
1413 1817 1638 1879 scriptores

192 1883 405 1930 nominari
421 1898 686 1944 purpureum,
722 1893 765 1936 ὃ(
784 1888 906 1932 Mare
924 1882 1177 1932 asseruerunt
1197 1897 1448 1945 purpureum
1461 1879 1545 1928 effe
1564 1898 1636 1932 ve-

191 1946 288 2003 luti,
304 1944 509 2010 Virgilius
533 1947 606 1994 lib.
624 1966 670 2009 4.
685 1954 831 2012 Georg.
848 1948 998 2009 inquit,
1278 1998 1286 2006 ,

389 2015 444 2056 In
456 2030 572 2057 mare
583 2027 833 2076 purpureum
851 2011 1060 2058 violentior
1074 2010 1211 2074 influit
1229 2011 1378 2057 amnis.
1650 2062 1652 2065 ,

193 2073 323 2122 Unde
338 2074 429 2121 Cic.
443 2074 515 2121 lib.
531 2093 574 2135 4.
598 2077 772 2126 eAcad.
788 2079 908 2122 Mare
923 2075 1039 2132 illud,
1072 2075 1188 2136 quod
1215 2091 1329 2121 nunc
1352 2074 1523 2121 favonio
1557 2090 1634 2121 na-

191 2140 327 2185 scente
341 2152 594 2198 purpureum
612 2137 788 2186 videtur.
821 2140 942 2185 Idem
965 2154 1131 2201 quoque
1145 2139 1310 2198 scripsit,
1337 2136 1410 2184 lib.
1430 2155 1468 2183 2.
1487 2138 1633 2184 Acad.

134 2216 141 2222 '
189 2200 354 2253 dicens,
393 2200 507 2262 quod
533 2216 647 2250 mare
677 2218 829 2249 nonne
859 2204 1103 2256 coeruleum,
1131 2217 1172 2247 at
1199 2219 1222 2247 e
1225 2202 1290 2258 jis
1320 2200 1428 2246 unda
1457 2217 1549 2246 curn
1578 2203 1636 2246 est

156 2286 160 2292 ·
190 2267 299 2323 pulsa
317 2265 444 2311 remis
458 2265 706 2325 purpurascit
726 2283 737 2310 ε
765 2265 1046 2313 nihilominus
1059 2280 1289 2327 purpureus
1304 2264 1426 2309 color
1441 2266 1499 2309 est
1515 2263 1634 2323 equi-

190 2325 290 2373 dem
307 2327 427 2388 niger
443 2327 600 2376 rubore
616 2329 799 2390 quodam
815 2329 992 2376 admisto
1007 2342 1049 2375 at
1066 2328 1200 2376 rubeo
1215 2328 1379 2381 clarior,
1420 2327 1492 2386 qui
1508 2326 1635 2387 nigri-

189 2402 322 2435 cantis
335 2397 433 2436 rosae
453 2394 679 2452 splendore
694 2391 879 2440 sublucet
893 2392 1085 2441 omnium
1100 2393 1289 2439 colorum
1305 2389 1548 2451 gratillimtxs
1559 2422 1569 2441 ,
1589 2397 1632 2436 &

190 2449 406 2511 tingendis
423 2455 598 2504 vestibus
614 2457 791 2506 maxime
823 2456 1030 2518 expetitus
1047 2460 1133 2505 est:
1162 2456 1213 2502 hu
1217 2451 1460 2560 juscemodid
1464 2451 1634 2560 “d-Oloris

851 2551 857 2555 „
913 2523 950 2566 T
978 2534 995 2565 t
1347 2530 1432 2577 pro
1464 2529 1476 2559 1
1508 2528 1637 2562 ertnz
