1967 2833
917 130 926 148 4
971 121 984 138 ⁸
1012 143 1015 146 .
1060 124 1072 139 ⁸
1159 126 1173 142 ὁ
1495 122 1512 131 ‘
1594 123 1598 126 “

554 125 632 203 de
655 116 855 205 Oleo
879 119 1197 207 Vltrloh.
1496 147 1597 233 5:31

163 261 231 321 jus
249 272 350 320 aqua
367 255 528 305 indatur
556 257 603 303 in
633 256 801 303 oculum
816 255 1123 306 imflamatione
1152 270 1345 305 vexatum
1373 254 1601 305 mirificam

161 327 273 373 feret
292 322 461 384 opem:e
465 321 531 378 jus
547 333 690 367 autem
706 318 981 366 conficiendae
997 320 1204 370 rationem
1213 319 1394 382 prodidit
1412 333 1456 366 ut
1477 320 1600 366 infra:

163 384 381 449 ¹Cap.succi
394 381 967 444 eufragiae,Chelidoniae,ana
986 383 1096 433 lib1ae
1107 382 1428 439 dimidifistaffis
1444 381 1602 443 caprini

159 447 284 506 libra,
300 446 554 501 Zinziberis,
570 444 696 494 macis
710 445 962 507 singulorum
993 449 1130 504 uncia,
1145 448 1284 494 Aloes
1314 447 1433 495 uncia
1460 444 1602 501 semis,

156 511 346 569 vitripli
360 512 482 567 leuco
484 510 565 566 jon
580 509 710 556 unciae
728 507 960 568 tre8,craffe
975 509 1366 577 concutianturquae
1386 523 1477 572 apta
1490 510 1605 565 sunt,

157 567 260 623 inde
275 590 370 622 cum
387 571 576 628 humidis,
593 581 635 622 δι
653 570 820 633 liquidis
834 572 1069 622 adinuicem
1083 576 1437 637 commisceantur,
1468 587 1513 620 ac
1539 569 1603 615 ὀὶ·-

162 652 359 700 gerantur
373 636 554 697 quinque
569 633 873 697 diebus,quibus
888 637 1309 698 peraffis'materialia
1325 637 1602 697 impelluntur

161 699 355 750 distillare
373 713 521 760 aquam
534 713 689 760 vapore
706 697 845 745 balnei
873 701 1157 750 excalefa&a:
1188 706 1406 762 postremo
1438 699 1603 746 incum-

163 764 314 812 bentes
328 762 449 823 operi
464 761 525 809 adi
530 761 664 818 jciunt
674 759 875 821 praedicstae
889 778 999 824 aquae
1015 762 1217 813 distillatae
1248 762 1466 812 drachmas
1485 759 1603 809 binas

160 825 300 876 tuthiae
313 839 564 886 praepararae,
578 837 622 869 ut
639 824 740 870 artis
755 825 826 879 est,
844 825 1035 886 sicigitur
1049 841 1189 889 parata
1203 829 1283 877 erit
1298 843 1398 888 aqua
1414 824 1603 886 Ophtal-

162 890 286 944 mica,
301 903 388 949 quoe
402 886 633 934 remedium
650 889 726 941 est,
742 884 872 933 dubio
885 894 1047 949 procul,
1065 890 1281 952 fingulare·
1301 890 1486 941 adversus
1506 904 1607 935 ocu-

161 954 306 1002 lorum
323 949 676 998 inflamationem:

226 1012 424 1072 Ejusdem
442 1026 618 1067 naturae,
653 1021 695 1063 &
713 1011 918 1060 facultatis
948 1014 1204 1078 approbatur
1231 1022 1408 1079 sequensv
1424 1026 1439 1060 ε’
1482 1018 1603 1078 Cape

163 1080 288 1128 urinae
304 1076 471 1138 puerilis
485 1088 735 1144 opportune
750 1073 956 1124 defaecatae
976 1077 1096 1126 binas
1113 1078 1259 1137 libras„
1273 1078 1432 1127 vitrioli
1442 1080 1606 1126 Roma-

163 1146 227 1199 ni,
242 1140 382 1188 tuthiae
401 1155 480 1187 ana
527 1153 664 1187 uncias
681 1150 872 1198 quatuor,
887 1155 940 1186 ex
956 1140 1019 1190 his
1032 1141 1233 1190 omnibus
1249 1142 1407 1196 mixtis,
1423 1155 1606 1188 macera-

163 1203 474 1268 tisqtdmpletur
491 1199 634 1248 boccia
648 1202 761 1249 reeta
773 1204 899 1264 usque
915 1203 965 1250 ad
979 1205 1183 1263 medium,
1201 1215 1244 1256 &
1259 1203 1490 1253 Alembico
1512 1218 1607 1251 mu-

167 1270 327 1323 niatur,
355 1281 403 1312 ac
415 1263 634 1326 recipiehti
647 1267 753 1321 vase,
767 1280 868 1312 mox
885 1266 1089 1321 ciperibus
1103 1269 1278 1316 furnulo
1310 1271 1447 1315 locare
1473 1281 1605 1328 expe-

164 1332 245 1387 dit,
259 1347 305 1377 ac
315 1328 462 1390 ignem
478 1326 642 1384 ordine,
662 1335 706 1377 δι
722 1333 912 1376 mensura
926 1330 1009 1378 subi
1010 1331 1144 1389 jcere,
1159 1347 1206 1379 ut
1219 1331 1482 1379 excalefacta
1511 1345 1607 1378 ma-

166 1395 268 1442 teria
283 1390 612 1451 compofitionis
628 1405 861 1439 attenuetur
888 1408 982 1442 cum
997 1396 1305 1458 evaporatione
1331 1394 1381 1442 ad
1396 1409 1609 1450 cacumen,

165 1456 268 1505 inde
283 1454 454 1503 distillet
472 1466 575 1514 aqua
590 1452 882 1513 Ophtalmica.

216 1518 314 1568 Alia
329 1516 422 1565 satis
433 1515 579 1580 efficax
597 1514 768 1563 habetur
786 1533 887 1577 aqua
901 1516 1171 1580 Ophtalmica
1198 1535 1249 1567 ex
1287 1521 1469 1568 Geraerdo
1485 1526 1607 1570 ‘Dor-

166 1603 232 1633 neo
243 1583 289 1631 in
302 1579 420 1644 praxi
434 1578 662 1642 chymifiici
676 1579 855 1637 artificii,
867 1596 960 1641 quae
975 1581 1186 1642 colligitur
1203 1597 1309 1645 aqua
1336 1583 1608 1633 distillatione

167 1643 902 1706 herbatum..recentium‚immo·rore
918 1644 1064 1692 caelesti
1079 1645 1358 1702 madentium,
1373 1660 1498 1707 prout
1512 1648 1608 1693 col-

163 1711 352 1771 liguntur
367 1717 469 1753 ante
481 1705 578 1752 so!is
591 1720 730 1753 ortum
747 1704 792 1752 in
807 1721 907 1753 vere
922 1726 938 1750 .·
953 1711 1054 1754 Haec
1082 1723 1224 1756 autem
1255 1726 1359 1771 aqua
1388 1708 1606 1770 perficitur

163 1789 265 1823 cum
275 1767 524 1833 aquanostri
540 1767 669 1828 lapilli
688 1768 910 1827 metallici,
943 1784 988 1817 ut
1009 1772 1210 1832 exemplo
1225 1788 1343 1834 patet
1358 1790 1369 1817 ε
1386 1771 1608 1822 Affirmun·

163 1851 232 1884 tur
248 1834 372 1897 igitur
389 1829 527 1879 herbae
539 1830 725 1900 piloselae-
741 1831 945 1895 manipuli
969 1833 1133 1892 decem,
1146 1834 1395 1885 chelidoniae
1414 1838 1608 1900 manipu-

164 1899 198 1946 li
210 1913 311 1954 tres‚
326 1894 511 1944 foeniculi
524 1893 727 1955 manipuli
743 1893 844 1951 duo,
869 1897 986 1943 fimul
1003 1911 1157 1945 omnes
1187 1899 1499 1948 contunduntur
1513 1903 1611 1948 her-

165 1960 242 2020 bae,
257 1977 304 2009 ac
317 1959 404 2007 cito
418 1957 477 2006 ita
492 1956 777 2028 roremaddiae
793 1957 944 2018 quibus
958 1960 1187 2008 commistis
1204 1960 1377 2010 affunde
1392 1978 1508 2024 aquae
1521 1963 1608 2026 pri-

160 2040 236 2073 mae
256 2028 279 2074 ὲ
294 2019 545 2084 chalcantho
559 2018 760 2068 difli‘latae
793 2023 933 2070 uncias
949 2039 1048 2081 tres,
1070 2031 1113 2074 &
1129 2027 1289 2086 gummi
1303 2028 1422 2073 aloes
1440 2028 1608 2074 unciam

163 2088 302 2143 semis,
314 2085 415 2135 inde
434 2081 593 2141 bot-eia,
607 2100 651 2132 ac
666 2086 794 2131 furno
806 2085 1104 2135 constituantur
1134 2090 1320 2137 cinerum
1349 2090 1513 2145 calore,
1545 2091 1610 2138 id·-

162 2149 272 2198 circo
287 2162 458 2214 operam
473 2161 593 2195 naves
612 2162 666 2193 ex
684 2147 741 2194 eis
759 2147 959 2196 distillare
976 2164 1125 2210 aquam
1142 2151 1378 2218 limpidam,
1408 2170 1487 2215 qua
1502 2154 1532 2202 fi
1549 2163 1609 2206 la-

162 2229 307 2262 ventur
325 2210 440 2260 oculi
453 2213 644 2259 sanantur
662 2208 840 2261 abomni
871 2213 1042 2271 dolore,
1059 2222 1103 2264 &
1122 2216 1432 2273 inflamatione,
1463 2233 1610 2282 praeter

161 2276 278 2338 quod
291 2276 443 2328 acuitur
460 2276 572 2323 oculi
586 2274 710 2323 acies.

869 2545 1072 2620 'Yyyz
1402 2547 1606 2619 CAR
