1967 2833
254 74 425 189 448
729 67 939 151 Sexta
957 64 1337 183 Descriptio

711 339 795 425 c
824 341 896 424 A
928 340 1012 426 P.
1078 337 1305 450 xm,

282 475 556 560 Modus
596 505 840 592 quoque
882 476 1045 557 alius
1086 505 1229 558 cum
1251 477 1742 593 ”praeparatione

818 588 1215 671 chalcanthis

427 770 621 830 Ucusque
653 765 911 815 differuimus
940 767 1081 831 plures
1115 765 1266 815 modus
1299 767 1547 832 segregandi
1575 767 1750 832 fingnlas

442 845 584 895 partes
599 831 624 878 ὲ
650 830 741 879 rudi
754 830 945 887 materia,
961 846 1051 892 quae
1066 831 1184 889 juxta
1197 833 1432 890 Lucanum,
1446 831 1521 880 lib.
1544 851 1586 882 2.
1618 836 1752 882 refert

290 896 442 945 Chaos
459 895 656 957 primum,
674 894 793 958 quod
809 892 965 942 affenfit
982 894 1180 954 Hefiodm
1205 894 1344 941 Poeta
1360 893 1546 953 celeber,
1576 893 1753 944 Omeri-

292 976 378 1022 que
392 973 643 1014 coetaneuS,
658 972 821 1019 nempe
835 972 990 1005 terram
1004 956 1089 1004 effe
1104 958 1287 1020 primum
1300 957 1558 1019 Principium
1593 973 1756 1020 corpo-

223 1071 226 1073 *
293 1038 410 1073 rum:
429 1021 476 1070 in
493 1035 601 1069 terra
616 1024 675 1068 est
689 1038 794 1083 aqua
810 1020 924 1081 prior
937 1035 1046 1076 aere,
1064 1019 1425 1081 quemadmodum
1456 1034 1528 1068 aer
1561 1024 1676 1084 prior
1689 1020 1757 1082 ig-

297 1103 371 1145 ne,
388 1086 493 1134 teste
513 1084 765 1145 eArtstotele
780 1083 848 1132 lzb.
875 1100 895 1131 1
907 1119 918 1131 .
933 1082 1205 1149 Metaphtfic.
1240 1086 1366 1132 Text.
1384 1098 1456 1146 13.
1480 1100 1554 1148 14.
1594 1083 1648 1131 &⁹
1682 1099 1702 1131 1
1716 1103 1757 1145 ς.

297 1150 511 1213 Idemque
541 1148 740 1198 meminit
771 1164 825 1195 ex
855 1161 1000 1197 mente
1025 1150 1292 1211 Anaxagora
1310 1166 1326 1192 :
1357 1163 1444 1210 quae
1462 1147 1763 1209 Omnipotens

301 1215 425 1262 Deus
442 1210 595 1261 ordine
622 1212 809 1261 instruxit
827 1209 1111 1273 :Haecitaque
1141 1210 1321 1259 materia
1347 1209 1462 1258 rudis
1477 1212 1536 1259 est
1554 1224 1681 1267 terra,
1713 1217 1760 1260 δε

302 1275 521 1324 mineralis
533 1276 591 1321 est
599 1276 734 1336 prima
749 1276 1023 1324 metallorum
1037 1274 1566 1336 omniumGenealogia‚in
1579 1290 1629 1323 ea
1644 1273 1763 1322 enim

308 1342 369 1388 est
384 1340 533 1401 quinta
548 1338 728 1388 effentia
757 1337 972 1386 mineralis
985 1354 1081 1384 cum
1096 1352 1277 1400 quatuor
1289 1337 1545 1395 elementis,
1557 1352 1652 1400 quae
1666 1350 1768 1399 per·

309 1407 443 1452 mixta
468 1401 904 1465 comprehenduntur,
937 1408 982 1451 δι
999 1399 1070 1448 ·ad
1099 1400 1282 1450 invicem
1311 1404 1490 1459 confusa,
1534 1414 1769 1463 quatuorve

313 1464 542 1528 qualitates
559 1467 773 1529 appallare
788 1462 930 1522 libuit,
945 1478 1046 1527 quas
1063 1463 1302 1525 singulatim
1317 1463 1476 1527 seiungi
1503 1462 1771 1513 demonstra-

314 1529 451 1579 vimus
467 1542 542 1590 per
569 1529 702 1580 varIos
730 1528 839 1593 ignis
852 1528 1022 1591 gradus,
1057 1541 1248 1575 attamen
1274 1528 1300 1574 ὲ
1314 1527 1487 1577 materia
1518 1527 1638 1576 cruda
1665 1527 1772 1575 citra

316 1593 446 1639 ullam
459 1592 806 1655 praeparationem
821 1589 1115 1640 mundationis
1129 1590 1198 1640 vel
1212 1589 1459 1653 digestionis
1472 1605 1569 1639 cum
1583 1587 1776 1638 cohoba-

319 1655 444 1703 tione
459 1659 526 1704 vel
540 1656 777 1711 solutione,
789 1670 830 1704 at
845 1655 931 1702 sola
944 1653 1236 1711 distillatione,
1252 1669 1343 1715 quae
1362 1653 1510 1703 sufficit
1528 1656 1776 1702 consumere

319 1717 587 1768 virulentiam
603 1718 800 1783 corporis
825 1717 1036 1766 terrestris
1065 1731 1150 1778 pro
1180 1716 1482 1767 correffione:
1513 1718 1569 1764 In
1598 1715 1774 1766 distilla-

321 1781 606 1838 tione,autem
619 1782 735 1845 prior
749 1796 842 1830 aere
858 1780 955 1829 fluit
975 1795 1076 1843 aqua
1089 1780 1371 1843 phlegmatica
1376 1780 1566 1842 ;infipida
1585 1788 1628 1831 &
1643 1780 1751 1828 clara
1759 1815 1778 1839 ,

323 1847 387 1894 ira
402 1847 522 1894 enim
537 1845 654 1908 prior
669 1848 729 1894 efl
742 1845 785 1895 in
796 1844 954 1893 ordine
970 1859 1129 1893 naturae
1142 1860 1190 1891 ac
1202 1844 1328 1895 facile
1347 1847 1483 1907 primo
1511 1843 1622 1906 ignis
1650 1843 1779 1906 gradu

328 1907 514 1968 distillat,
540 1910 614 1970 qui
640 1909 790 1960 mollis
815 1908 972 1959 lenisve
1005 1909 1080 1965 est,
1109 1917 1240 1970 prout
1268 1923 1382 1970 aquae
1397 1908 1598 1956 convenit
1625 1907 1782 1957 fluxilis

329 1987 484 2021 naturae
503 1990 515 2018 ε
530 1976 640 2020 Mox
654 1972 909 2036 subsequitur
924 1976 1014 2019 Aer
1029 1977 1071 2018 &
1092 1972 1119 2018 fi
1135 1971 1258 2021 instar
1273 1988 1389 2035 aquae
1405 1970 1594 2029 distillat,
1608 1970 1774 2021 nihilo-

330 2035 474 2084 minus
492 2035 716 2100 spiritualis
732 2036 952 2098 acidusque
967 2035 1215 2089 innotescit,
1250 2033 1529 2097 quamobrem
1556 2035 1722 2097 spiritus
1739 2051 1787 2083 a-

334 2115 428 2164 quae
445 2101 697 2148 mercurialis
711 2100 952 2165 appellatur
967 2097 1203 2161 analogice,
1219 2113 1266 2146 ut
1283 2100 1467 2163 superius
1486 2100 1574 2159 jam
1598 2098 1789 2160 explica-

338 2177 431 2211 tum
447 2162 527 2210 fuit
542 2183 555 2219 3
570 2164 654 2212 Hic
669 2177 814 2215 autem
829 2163 969 2226 liquor
985 2163 1089 2213 aeris
1101 2161 1296 2212 distiuare
1324 2162 1474 2224 nequit
1505 2162 1647 2225 primo
1671 2161 1787 2224 ignis

338 2225 482 2289 gradu,
514 2227 649 2275 immo
660 2230 736 2277 nisi
764 2226 945 2277 secundo
959 2242 1148 2290 urgeatur
1162 2226 1292 2291 gradu
1305 2227 1486 2276 caloris:
1512 2242 1682 2289 praetera
1699 2242 1790 2274 am-

341 2291 402 2337 bo
418 2289 617 2349 praedi&a
628 2294 845 2341 elementa
858 2306 1016 2352 nempe
1030 2296 1169 2353 Aqua,
1190 2298 1232 2339 &
1261 2295 1354 2340 Aet
1370 2291 1637 2349 convenjunr
1656 2291 1790 2339 ratio·

342 2367 430 2400 one
445 2354 591 2415 organi
603 2354 874 2411 distillatorii,
901 2355 988 2402 hoc
1019 2357 1079 2403 est
1106 2369 1176 2403 vas
1206 2354 1322 2418 quod
1342 2369 1571 2402 commune
1600 2369 1790 2415 congru-

345 2430 502 2476 umque
522 2417 695 2474 habent,
708 2434 761 2466 ex
777 2420 934 2468 matula
946 2417 1063 2464 enim
1077 2432 1146 2465 aut
1164 2418 1240 2467 alia
1275 2415 1421 2464 boccia
1450 2419 1567 2467 reeia
1596 2416 1792 2466 distillant

344 2476 473 2529 ambo
488 2496 582 2530 cum
597 2479 828 2541 alembic0‚
840 2482 921 2531 etl-‘1
935 2479 1162 2530 commode
1175 2481 1421 2544 faciliusque
1437 2480 1710 2539 descendunt,
1747 2489 1791 2530 δε

1664 2544 1797 2595 fluunt
