1967 2833
341 114 389 189 6
726 101 797 182 P
857 104 975 182 'ma
997 94 1387 215 Descriptio

252 226 367 276 scant
398 226 543 276 omnia
573 242 674 275 tunc
702 228 815 275 faeta
844 229 927 276 erit
968 227 1214 276 marchefita
1256 231 1437 280 stamnea
1478 230 1709 295 pulcherri-

256 309 338 339 sila.

319 354 428 401 Huic
443 353 602 401 accedit
637 352 880 401 marchesita
910 371 1019 403 aenea
1033 353 1112 402 five
1127 369 1227 404 aerea
1257 354 1414 404 dicatur
1427 357 1589 405 fac'titia
1617 372 1713 419 quae

259 417 309 465 fit
336 418 489 464 eodem
519 416 653 465 modo
670 421 787 477 supra
814 420 1005 481 exposio,
1036 432 1081 463 ac
1110 418 1262 466 eodem
1277 420 1449 480 pulvere
1464 422 1710 468 cimentan-

259 495 324 527 tur
340 481 428 526 aeris
447 479 642 536 braffteae,
673 478 935 529 observando
945 480 993 528 ad
1011 496 1195 542 unguem
1214 481 1490 543 magisterium
1502 489 1620 547 supra
1633 481 1711 530 de-

260 544 482 604 scriptum,
513 558 604 605 quo
617 543 664 590 fit
677 543 920 591 marchesita
934 541 1114 591 ffamnea
1131 563 1143 590 :
1180 550 1222 592 &
1239 544 1292 589 fic
1306 544 1359 592 de
1376 545 1543 608 fingulis
1560 546 1712 592 metal-

258 606 315 651 lis
334 605 654 668 intelligendum
684 609 741 653 est
757 607 848 654 fieri
863 607 1040 666 reliquas
1057 604 1315 656 marchefitas
1334 625 1346 652 z
1379 625 1466 670 quae
1487 608 1585 656 inde
1601 624 1711 656 con-

263 672 484 729 sequuntur
500 668 676 716 nomina
692 667 743 714 ab
760 669 916 717 eisdem
929 668 1134 725 metallis,
1166 667 1318 730 quibus
1344 671 1475 729 fiunt,
1512 672 1715 732 quemad-

268 732 440 781 modam
456 733 546 790 jure
562 734 808 780 consuetum
822 735 880 780 est
894 731 1088 779 accidens
1100 731 1364 781 denominari
1379 735 1403 780 a
1421 738 1491 780 suo
1509 735 1722 793 fubjee‘lo:

267 795 375 842 hanc
391 810 530 842 autem
546 794 831 843 marchesitam
844 810 993 843 aeream
1013 795 1216 842 factitiam
1231 795 1275 842 in
1292 799 1405 843 usum
1420 795 1577 845 habent
1607 798 1720 845 auri·

271 857 374 904 fices
404 857 453 904 ad
469 857 710 919 glutinanda
725 874 852 919 opera
865 874 1062 920 argentea
1088 858 1251 914 infima,
1287 867 1330 909 δι
1350 876 1438 921 quae
1453 876 1505 908 ex
1522 858 1725 908 auricalco

272 919 385 968 fiunt
402 919 753 982 quemadmodum
766 920 1074 970 fibi-vendicant
1105 920 1408 983 chrysocollam
1440 922 1724 985 adglutinan-

274 982 376 1031 dum
393 999 570 1031 aurum-2
603 999 740 1033 verum
773 985 825 1031 fic
855 999 998 1044 parent
1028 982 1312 1032 marchelitam
1340 1001 1482 1034 aeream
1515 987 1726 1036 &stiriam

276 1062 374 1094 cum
389 1047 544 1110 duplici
559 1046 763 1107 portione
781 1047 947 1108 argenti
960 1046 1062 1093 fini:
1094 1045 1273 1095 fundunt
1289 1047 1404 1096 enim
1419 1063 1640 1111 argentum
1656 1052 1724 1098 cui

280 1111 372 1156 fuso
388 1109 635 1170 permiscent
652 1109 938 1158 marchefitam
955 1109 1099 1157 tritam
1115 1108 1255 1157 donec
1272 1110 1486 1169 fundatur,
1505 1127 1606 1161 mox
1620 1113 1728 1161 hanc

278 1172 636 1234 compofitionem
651 1171 876 1220 effundunt
890 1177 1012 1234 super
1023 1173 1203 1234 lapidem
1219 1178 1582 1233 marmoreum,vel
1600 1176 1732 1225 alium

282 1235 461 1282 similem
479 1250 522 1280 ut
538 1236 661 1282 instar
689 1236 936 1299 placentulae
965 1235 1214 1284 extendatur
1244 1252 1332 1300 quae
1367 1251 1569 1300 tanquam
1587 1238 1730 1286 tabula

285 1298 416 1346 vitrea
431 1298 673 1360 frangilibus
688 1299 821 1347 evadit
849 1315 1025 1361 eamque
1043 1303 1204 1349 servant
1219 1304 1354 1349 forma
1369 1301 1517 1349 eadem
1533 1303 1699 1364 integra
1717 1320 1736 1347 τ

286 1360 360 1406 ubi
373 1377 472 1408 vero
499 1361 543 1409 in
572 1379 697 1410 unum
726 1378 957 1424 congerere
986 1362 1121 1410 velint
1151 1362 1319 1424 aliquod
1349 1377 1596 1426 argenteum
1622 1380 1734 1426 opus

288 1439 458 1487 ruptum
474 1440 542 1470 aut
559 1425 731 1474 divisum
761 1426 805 1475 in
822 1426 993 1471 scobem
1011 1441 1152 1474 terunt
1171 1426 1282 1473 illius
1300 1428 1548 1488 placentulae
1563 1429 1735 1489 portio-

291 1502 392 1533 nem
408 1503 496 1548 quae
513 1487 563 1534 ad
582 1504 685 1551 opus
704 1493 814 1536 suum
830 1488 1243 1545 consolidandum&
1260 1489 1636 1552 redintegrandum
1648 1494 1736 1537 suf-

290 1550 419 1596 ficere
436 1550 635 1607 videatur,
650 1567 822 1612 eamque
837 1555 979 1612 postea
1007 1551 1295 1601 administrant
1328 1568 1452 1616 prout
1472 1554 1646 1615 requirit
1673 1569 1740 1602 ars

293 1611 408 1672 quod
424 1613 509 1659 mei
523 1616 686 1661 nonest
700 1613 883 1662 docere:
916 1614 1072 1662 idcirco
1101 1617 1320 1675 pulverem
1352 1614 1465 1663 hunc
1491 1621 1739 1678 nuncupant

292 1674 528 1724 solidamen
563 1678 640 1726 five
667 1681 740 1723 suo
773 1679 928 1738 vulgari
954 1677 1154 1725 idiomate
1186 1676 1424 1727 saldaturam
1436 1678 1490 1726 ab
1502 1678 1658 1728 eodem
1672 1684 1742 1727 ef-

293 1738 413 1786 fectu
439 1755 526 1800 quo
539 1739 766 1789 consolidat
791 1741 998 1789 metalla:
1031 1739 1099 1787 sed
1125 1756 1351 1803 antequam
1379 1741 1649 1791 admisceatur
1676 1758 1743 1792 ar·

296 1816 476 1862 gentum
490 1804 703 1865 appellant
719 1798 1002 1852 marchesitani
1016 1819 1162 1851 aeream
1178 1805 1408 1861 fa&itiam‚'
1435 1814 1478 1856 &
1497 1806 1652 1868 vulgari
1680 1806 1743 1854 di-

298 1864 445 1915 fiione
475 1881 588 1914 rame
601 1871 703 1923 arse,
736 1867 824 1913 hoc
837 1870 896 1915 est
912 1866 1052 1914 dicere
1068 1882 1120 1913 aes
1154 1868 1451 1926 torrefactum,
1488 1869 1605 1931 quod
1620 1868 1746 1916 distat:

298 1925 351 1972 ab
365 1943 446 1975 aere
460 1932 549 1975 usto
567 1931 838 1991 antiquorum·
850 1930 966 1977 sicuti
976 1933 1034 1978 est
1051 1933 1193 1990 legere
1221 1930 1327 1991 apud
1353 1932 1650 1992 Dioscoridem‚
1666 1931 1745 1980 lib.

307 2010 349 2048 ς.
397 1993 444 2038 de
464 1994 659 2044 &Media
688 1993 880 2048 materia,
908 2009 1077 2057 cap.70.
1106 1992 1159 2040 de
1183 2008 1263 2041 aere
1279 1996 1394 2044 usto:
1426 1995 1537 2043 idem
1565 2009 1678 2058 patet
1706 1997 1751 2044 in

303 2054 562 2108 Galen0,lib.
579 2076 625 2116 9.
656 2057 705 2103 de
737 2057 885 2120 Simpl.
903 2058 1123 2105 medicam.
1148 2056 1300 2116 facult.
1336 2059 1444 2106 Fere
1468 2059 1515 2106 in
1550 2062 1663 2109 calce
1693 2059 1751 2105 li-

305 2114 372 2163 bri
388 2116 456 2163 ubi
484 2119 672 2167 tracia-vit
704 2120 759 2167 de
779 2136 858 2168 aere
887 2123 975 2167 usto
1004 2117 1075 2166 sub
1101 2123 1277 2168 nomine
1304 2120 1465 2170 chalcos
1482 2136 1753 2170 cecaumenos

304 2181 420 2239 quod
443 2179 607 2229 Arabes
621 2184 894 2231 nominarunt
920 2183 1265 2232 diacalcomenon
1293 2199 1363 2231 aut
1377 2186 1670 2239 calcumen0n‚
1704 2191 1750 2234 δε

307 2242 588 2293 calcomenon
604 2260 799 2307 corrupta
816 2262 920 2295 voce
947 2261 1075 2308 graeca
1104 2262 1148 2293 ut
1171 2247 1324 2309 placuit
1357 2252 1538 2312 fallopp.
1554 2247 1753 2294 Traffiatu

309 2305 357 2351 de
376 2306 516 2365 Foffil.
533 2306 667 2369 Juxta
682 2308 1202 2371 verointetpretationem
1230 2309 1457 2359 nominum
1474 2308 1754 2360 Arabicorum

310 2382 364 2413 ex
380 2371 548 2416 Andreo
577 2374 807 2433 Bellunensi
832 2374 983 2434 legitur
998 2372 1297 2431 calcucemani3
1332 2382 1375 2424 &
1407 2375 1756 2423 calcuceracume-

311 2445 419 2489 non,
449 2432 537 2478 haec
551 2432 705 2483 indicat
734 2451 790 2482 aes
806 2439 934 2484 ustum
950 2436 1287 2498 recentioresque
1303 2438 1433 2493 latini,
1459 2437 1640 2500 Italique
1655 2451 1759 2498 pro-

313 2494 403 2558 ptie
419 2509 572 2547 vocant
600 2501 797 2546 ferretum
813 2501 1086 2563 Hispanicum
1099 2515 1202 2550 nam
1212 2500 1313 2550 alias
1327 2501 1592 2553 deferebatur
1609 2515 1663 2546 ex
1680 2499 1759 2548 Hi·-

1605 2562 1765 2628 spania}
